3825 5975
417 376 469 447 38
599 440 607 451 ,
878 380 998 441 sora
1026 384 1085 439 rr.
1113 384 1168 439 ra.
1196 372 1235 441 Τ.

408 590 414 603 ·
460 542 619 612 momenti
631 550 697 621 est,
709 542 875 607 adversus
885 540 1054 607 Zenodoti
1067 546 1100 605 et
1112 538 1250 624 Heynei
1264 536 1472 606 arantum
1485 538 1613 606 dstote
1626 539 1698 608 boc

463 631 631 717 episodio,
646 648 733 695 usus
747 636 817 693 tam
831 630 967 712 elegans
991 629 1143 712 appositi
1165 628 1217 692 ita
1238 626 1378 705 exoleti,
1400 632 1442 690 ut
1464 628 1696 708 musicis

409 764 418 779 .
463 718 711 801 antiquissimis
733 732 804 779 non
825 716 971 799 amplius
992 714 1197 781 intellectum
1218 720 1321 777 esset.
1367 711 1436 791 Qui
1458 731 1481 777 a
1504 713 1621 797 apaten
1637 716 1697 779 rel

464 806 603 892 apotamo
627 801 810 878 deducunt,
833 802 902 865 alio
926 802 1073 885 quodam
1103 801 1262 885 exemplo
1288 804 1473 865 monstrare
1497 798 1697 879 debuerunt,

465 893 608 959 litteram
625 897 654 952 Κ
668 893 744 953 ante
758 894 784 949 Ρ
797 904 947 971 unquam
959 889 997 952 in
1010 894 1119 952 vetere
1139 886 1257 967 lingna
1269 886 1324 951 vel
1342 888 1560 969 amputatam,
1577 886 1643 963 rel,
1660 888 1696 951 in

465 976 662 1063 compositis
677 975 791 1051 etiam,
806 974 923 1038 elisam
935 993 1030 1054 eese3
1054 980 1114 1039 ant
1125 974 1162 1037 in
1177 979 1203 1035 Β
1216 976 1380 1037 mutatam
1392 992 1402 1052 3
1423 977 1462 1037 ut
1475 970 1605 1036 iactum
1618 990 1694 1037 esse

464 1066 500 1128 in
514 1064 671 1146 βριδανιζω
685 1066 869 1139 comment,
883 1061 978 1144 qnod
992 1060 1140 1147 ejusdem
1155 1059 1272 1142 stirpis
1289 1074 1368 1124 esse
1378 1057 1518 1137 volunt3
1540 1060 1698 1141 quamvis

465 1150 676 1233 probabilius
689 1147 778 1211 sorte
791 1154 825 1210 et
838 1148 951 1210 sensui
967 1153 1001 1211 et
1014 1146 1131 1211 formae
1147 1144 1361 1210 consulerent
1381 1145 1413 1209 si
1432 1162 1454 1208 a
1475 1144 1574 1227 βρωζι
1592 1140 1697 1208 dedn-

467 1242 591 1300 eareat.
635 1234 727 1300 Vide
745 1232 827 1299 Not.
849 1234 886 1297 in
908 1233 1023 1317 Steph.
1037 1232 1199 1297 'lbesaum
1222 1232 1291 1300 vol.
1306 1230 1335 1297 1.
1350 1251 1385 1316 p.
1402 1228 1476 1295 111.
1496 1248 1534 1314 p.
1550 1229 1697 1296 med.

468 1322 576 1388 lond.
785 1359 789 1365 ·
1289 1340 1292 1347 ·

424 1407 503 1475 ⁶89.
525 1408 616 1473 Vide
629 1407 773 1473 Theocr.
787 1405 874 1490 Idyl.
888 1426 972 1471 xxv.
990 1424 1039 1472 vs.
1053 1406 1108 1471 87.

424 1495 501 1560 wi).
524 1494 594 1558 Pro
608 1506 751 1570 ποικιλλε,
761 1494 852 1576 qnod
865 1494 930 1558 boc
943 1495 1021 1558 loco
1029 1499 1160 1559 tantum
1173 1493 1328 1569 occursu,
1339 1488 1455 1556 malin
1469 1512 1568 1565 cosm·
1581 1487 1697 1575 repeti,

468 1582 560 1663 quod
573 1582 682 1663 magle
696 1580 913 1645 Homericum
926 1580 1023 1645 foret.

376 1664 380 1673 “
426 1666 540 1732 ael-2.
565 1667 733 1732 Insititios
745 1685 820 1730 esse
837 1674 874 1730 et
887 1668 1023 1732 serioris
1037 1667 1164 1731 autoris
1177 1666 1325 1749 plurima
1338 1664 1621 1739 demonstrant-
1628 1659 1699 1745 pri-

470 1772 566 1816 mum
580 1752 721 1817 forsitan
734 1750 886 1816 Cretensi
897 1753 1084 1835 exemplari
1105 1754 1261 1829 insertos,
1284 1757 1386 1834 atque
1400 1748 1477 1814 inde
1491 1751 1526 1813 in
1539 1748 1608 1811 alia
1619 1766 1700 1831 pro·

467 1846 624 1923 pagatos.
659 1862 746 1924 χορος
760 1844 796 1903 et
806 1838 862 1902 hic
877 1844 912 1903 at
925 1840 1006 1903 alibi
1021 1839 1111 1923 apud
1122 1846 1255 1922 poetam
1268 1844 1322 1902 est
1336 1836 1419 1899 aaa
1432 1832 1620 1913 saltationis,
1630 1848 1700 1932 non

469 1925 626 2005 saltatim
641 1925 734 2008 quod
748 1925 964 2007 interpolator
973 1944 1043 1991 non
1057 1925 1249 2008 percepisse
1259 1924 1412 2003 ridetur3
1426 1918 1597 2005 ejusmodi
1610 1938 1700 1983 earm

469 2010 539 2075 loci
561 2012 728 2076 racui'vel
746 2030 833 2075 areae
857 2011 1081 2095 anaglyphum
1104 2031 1123 2075 e
1147 2028 1311 2076 marmore
1335 2030 1358 2075 a
1381 2009 1555 2074 Pausoma
1576 2022 1701 2071 mo·

469 2102 591 2174 ratum,
607 2102 640 2161 et
655 2096 799 2162 Daedalo
813 2097 989 2175 tributum,
1003 2098 1066 2163 rix
1081 2096 1191 2163 simile
1206 2106 1283 2163 esse
1308 2096 1444 2181 potuit3
1465 2102 1572 2177 neque
1586 2094 1699 2175 poem

424 2206 428 2218 ·
471 2188 573 2247 aetate
594 2184 630 2247 id
652 2184 809 2248 extitisse
856 2184 1008 2248 robabile
1023 2190 1094 2265 est;
1116 2199 1238 2269 neque,
1263 2183 1294 2247 si
1316 2184 1495 2257 extitisset,
1513 2178 1603 2244 'ratio
1617 2192 1701 2241 enn-

471 2274 579 2334 staret
594 2288 665 2353 qna
677 2270 746 2346 ille,
762 2203 855 2354 apud
866 2268 963 2335 Asiae
977 2270 1107 2335 incolas
1120 2271 1266 2335 carmina
1280 2269 1436 2345 reoltans,
1450 2282 1496 2330 ex
1509 2262 1702 2365 maglypho

469 2351 508 2417 in
529 2356 642 2419 insula
663 2356 846 2439 longinqua
867 2356 991 2438 posita
1018 2362 1119 2440 atque
1148 2356 1361 2419 auditoribus
1384 2354 1556 2437 plerisque
1581 2368 1611 2413 ss
1631 2366 1704 2413 non

470 2441 627 2505 omnibns
641 2442 768 2524 ignoto,
780 2441 1038 2505 illustrationem
1051 2441 1238 2525 proferret:
1253 2441 1289 2504 in
1300 2440 1491 2504 Homericis
1504 2437 1592 2500 enim
1606 2452 1703 2502 oom-

470 2528 670 2605 parationes
685 2528 730 2589 ad
743 2527 962 2590 illustrandas
977 2528 1093 2609 potins
1108 2544 1209 2609 quam
1224 2526 1268 2590 ad
1283 2525 1444 2591 ornandae
1464 2535 1525 2587 res·
1540 2524 1703 2585 nam

471 2610 600 2693 ubique
614 2612 775 2675 adhibitae
792 2618 883 2674 sunt.
1065 2626 1068 2633 ’

428 2692 542 2759 aere.
565 2695 598 2758 A
613 2696 842 2777 grammaticis
857 2694 1020 2774 damnati,
1035 2696 1129 2780 quod
1150 2720 1290 2781 μαχαιρα
1303 2696 1394 2781 apud
1408 2700 1546 2779 poetam
1560 2699 1617 2757 ost
1637 2688 1706 2755 erd-

473 2776 568 2843 tellus
581 2800 649 2845 non
660 2778 797 2866 gladius.
832 2779 873 2844 Iu
886 2779 1128 2866 Aristophanis
1142 2784 1289 2849 editione
1304 2801 1373 2847 non
1386 2782 1591 2863 legebantur,
1604 2786 1640 2843 et
1653 2779 1704 2842 in-

472 2867 711 2950 terpolatorem
726 2868 862 2931 omnino
875 2866 1044 2934 redolent.

427 2950 544 3018 aues.
567 2952 613 3018 Et
625 2954 691 3032 bic,
705 2961 741 3019 et
754 2952 820 3018 0d.
834 2961 873 3015 Δ.
888 2954 992 3032 lit-9,
1017 2972 1039 3020 a
1059 2954 1232 3039 rbapsodo
1249 2955 1374 3020 seriore
1388 2955 1532 3020 insertos
1549 2964 1626 3020 esse
1639 2950 1700 3016 vix

428 3083 432 3094 .
472 3036 629 3104 dubitare
641 3042 737 3106 licet:
751 3042 899 3118 κυβισταω
912 3043 1002 3104 enim
1016 3046 1051 3105 et
1066 3044 1240 3128 κυβισητηρ
1253 3043 1352 3106 allam
1368 3049 1405 3105 et
1418 3041 1519 3124 longe
1531 3041 1698 3105 divamm

473 3125 753 3205 significationem
766 3128 803 3189 in
815 3127 1000 3190 Homerico
1014 3147 1168 3192 sermone
1181 3129 1345 3193 babuisse
1359 3127 1527 3193 ridentur.
1558 3125 1649 3192 Vide
1660 3130 1701 3186 Π.

472 3209 1253 3296 rla.et5t).etAthen.Doipnos.1.iv.c.28.
1523 3237 1525 3240 ·

884 3559 1031 3627 norm
1054 3509 1115 3626 ra*
1132 3563 1193 3627 m.
1217 3571 1252 3626 r.

431 3734 487 3798 75.
510 3731 712 3815 Expletivus
727 3740 764 3796 et
776 3733 953 3810 insititius,
968 3740 1009 3798 ut
1023 3733 1179 3798 Bentleio
1194 3753 1328 3818 qnoque
1343 3735 1453 3800 risam
1468 3742 1534 3800 est.

431 3817 542 3882 77..Ε
555 3817 609 3881 79.
624 3835 800 3900 perperam
812 3819 984 3882 intellecto
999 3820 1177 3886 commus.
1209 3821 1298 3885 Vide
1313 3821 1427 3886 Sobel.
1440 3821 1530 3887 Ven.

432 3901 567 3968 telae.
589 3903 730 3967 Prolixa
753 3910 789 3968 et
806 3906 951 3969 molesta
966 3904 1143 3986 digressio,
1167 3925 1190 3970 a
1212 3925 1260 3983 re,
1281 3913 1319 3982 et
1336 3907 1479 3972 consilio
1497 3913 1532 3970 et
1551 3909 1699 3987 tempure

332 4028 335 4040 ·
438 4009 442 4016 ·
476 3989 606 4066 aliena3
630 3990 683 4050 eui
705 3991 810 4053 multa
830 3991 942 4054 insunt
965 3991 1056 4055 haud
1073 3991 1244 4057 Homerici
1258 3994 1382 4072 moris3
1404 4006 1440 4056 et
1454 3993 1552 4076 cnjus
1566 3997 1700 4074 partem

474 4075 694 4158 praecipuam,
718 4073 851 4152 ailae,
879 4095 924 4139 ex
946 4076 1118 4144 Heraclea
1147 4077 1261 4162 aliqua
1284 4080 1483 4143 translatam
1507 4097 1594 4156 esse,
1614 4077 1702 4162 jam-

475 4158 603 4243 pridem
618 4161 812 4242 suspicatus
833 4169 888 4226 est
910 4160 1128 4228 doctissimus
1145 4162 1276 4248 Heyne.
1316 4165 1476 4250 Reliqua,
1492 4183 1515 4229 e
1534 4163 1642 4228 variis
1653 4162 1702 4226 le·

476 4247 575 4310 ciniis
599 4249 811 4324 concinnata,
833 4248 972 4331 perinde
995 4251 1136 4316 insititio
1159 4256 1257 4315 sunt:
1281 4252 1437 4316 omnibus
1459 4251 1548 4316 enirn
1570 4249 1700 4332 ejectis,

433 4357 438 4371 ·
477 4330 739 4414 Agamemnonis
753 4337 860 4401 oratio
875 4335 1048 4417 aptissime
1065 4337 1132 4405 sibi
1145 4344 1301 4415 constat3
1324 4343 1357 4401 et
1369 4338 1496 4416 brevis,
1507 4336 1657 4420 simplex
1670 4340 1702 4399 et

477 4419 635 4483 modesta
647 4417 687 4482 iit
699 4440 708 4497 ;
724 4421 833 4501 qualis
848 4422 1033 4503 prinoipem
1046 4421 1162 4498 virtrm,
1177 4441 1261 4486 casu
1273 4431 1343 4487 tem
1357 4423 1479 4488 acerba
1491 4422 1701 4507 pervaleant,

433 4537 439 4551 ·
476 4504 639 4584 decebat3
660 4498 752 4582 dum,
767 4507 919 4582 retentis,
933 4507 978 4570 ad
993 4525 1158 4572 nauseam
1171 4527 1277 4591 usque
1290 4510 1426 4594 prolixa
1440 4515 1515 4590 eet3
1538 4515 1644 4592 etque
1655 4509 1701 4571 ite

433 4609 439 4618 ·
476 4593 612 4654 turbata
635 4598 671 4654 et
694 4591 827 4668 luxata,
849 4600 888 4656 ut
910 4593 972 4656 vix
998 4593 1139 4675 intelligi
1164 4595 1275 4678 pessit
1299 4595 1379 4678 quid
1404 4595 1518 4660 dicere
1543 4593 1699 4660 voluerit.

446 4697 449 4705 ·
475 4675 610 4741 'limidi
634 4677 678 4741 ad
705 4678 887 4742 dicendum
915 4686 1118 4756 surrexerat,
1142 4686 1215 4743 tum
1244 4681 1455 4746 conscientia
1481 4681 1607 4764 eulpae,
1630 4685 1701 4741 tum

436 4794 441 4802 ·
478 4763 573 4843 quod
589 4761 756 4827 Achillem
772 4781 904 4829 summo
919 4767 1070 4829 omniurn
1090 4766 1206 4830 lavore
1222 4775 1402 4850 acceptum
1415 4767 1560 4845 viderat,
1576 4765 1700 4848 eteius

478 4847 660 4928 splendore
674 4866 772 4915 suam
785 4849 978 4916 claritatem
992 4852 1145 4916 imminui
1161 4861 1197 4916 et
1208 4855 1382 4918 obscurari
1398 4859 1564 4920 senserat.
1592 4851 1702 4916 Inter·

475 4931 700 5016 pellationem
718 4936 830 5019 igitur
859 4935 1073 5020 deprecatur,
1099 4945 1136 5003 ct
1155 4939 1333 5022 populum
1360 4937 1533 5017 admonet,
1562 4935 1701 5002 suendo

477 5024 637 5100 oportere
651 5038 729 5083 eum
744 5022 874 5101 audire,
890 5019 951 5107 qni
973 5024 1010 5087 in
1033 5025 1197 5089 concione
1220 5026 1264 5090 ad
1288 5025 1472 5092 dicerem
1494 5021 1703 5101 serrolam

433 5140 456 5148 -ι
478 5123 586 5189 seque
611 5121 655 5169 ea
677 5103 806 5172 Achilli
828 5109 998 5176 dicturam
1020 5110 1204 5194 -prolitetur
1226 5128 1304 5197 quae
1333 5125 1437 5198 saepe
1451 5105 1704 5198 postulassent,
