3825 5975
693 343 742 418 In
759 344 965 422 Homine
1398 354 1468 424 1⁰⁷

193 518 348 594 tim,
368 517 548 593 mm,
576 517 661 596 &c.;
682 534 820 601 quarum
850 517 980 599 priores
1005 516 1151 602 syllabas
1176 513 1283 582 Attici
1308 523 1342 586 et
1366 518 1477 588 Iones·

180 605 386 670 recentiores
399 601 623 685 corripiebant
635 607 669 665 et
679 603 878 684 posteriores
892 601 1119 685 producebant
1137 607 1324 668 constanter
1339 611 1466 689 ΑΕΩΣ,

191 692 319 767 Nudi,
341 690 453 767 ἘΩΣ,
475 690 628 765 miii,
654 690 727 765 δια,
749 689 887 752 exoletis
907 688 1120 771 jamlitteris
1143 689 1215 752 Fet
1229 696 1273 760 i‚·
1295 710 1362 772 quo
1386 691 1467 760 mibi

212 794 251 840 ro
265 781 437 858 comperto
451 781 512 851 est,
534 773 610 837 illos
631 773 727 837 initio
752 773 919 850 dictionis,
942 774 1046 840 ictum
1062 775 1114 838 vcl
1139 775 1296 857 impetum
1309 777 1405 841 vocis
1431 779 1468 843 in

190 797 331 926 liceum
359 861 551 944 plerumque
575 860 763 942 impegisse,
786 857 953 942 quomodo
974 861 1123 926 solebant
1149 857 1260 924 Latini
1282 869 1409 928 veteres
1432 870 1468 930 et

191 945 298 1011 adhuc
314 945 536 1011 solemusnos
550 942 671 1026 Angli;
694 950 793 1028 atque
817 946 880 1010 bos
902 947 937 1007 in
960 945 1056 1012 finem
1076 945 1162 1030 ejus,
1184 953 1222 1010 ut
1245 945 1465 1031 Francogaili,

190 1050 264 1098 eum
278 1032 472 1116 protulisse;
495 1050 595 1113 quam
613 1031 666 1112 ,ob
691 1049 828 1096 causam
848 1030 928 1093 mihi
943 1033 1150 1114 probabilius
1170 1031 1281 1096 visum
1307 1038 1361 1097 est
1385 1053 1465 1118 aug·
1516 1059 1519 1070 ¹
1585 1047 1589 1058 ·

189 1122 301 1182 menta
322 1119 357 1181 in
381 1117 584 1198 temporibus
607 1117 783 1199 praeteritis
802 1118 975 1180 verborum
1004 1118 1161 1195 omnium,
1186 1137 1262 1201 quae
1293 1125 1466 1202 augmenta

191 1204 344 1286 accipere
357 1202 510 1278 solerent,
533 1202 672 1265 retinere
684 1201 749 1267 rol
763 1204 953 1282 restimere3
977 1223 1076 1286 quum
1091 1201 1219 1267 vocalis
1233 1223 1254 1266 a
1266 1203 1329 1267 fine
1353 1207 1466 1288 potins

190 1305 291 1436 Ἕω
317 1289 362 1352 ab
382 1287 476 1350 initio
498 1289 607 1365 vocis,
630 1289 765 1369 antiquo
778 1307 819 1353 eo
838 1288 1081 1372 pronunciandi
1107 1308 1208 1365 more,
1229 1292 1392 1372 amputari
1411 1289 1466 1358 vel

190 1373 270 1437 e'di
294 1372 478 1437 debuisset.
522 1371 565 1436 In
588 1372 710 1436 tinibus
729 1378 839 1437 tamen
864 1373 1045 1439 dictionum
1069 1374 1189 1440 littere
1213 1375 1287 1438 istae
1315 1375 1463 1456 vocales,

191 1458 267 1524 alite
287 1459 376 1534 aliis,
398 1465 430 1522 et
443 1459 580 1540 singulm
594 1477 655 1541 pro
669 1458 746 1522 loco
760 1477 860 1542 quem
874 1459 909 1523 in
924 1479 1020 1524 versu
1035 1460 1202 1537 tenebant,
1226 1461 1303 1543 plus
1316 1462 1466 1530 minusve

190 1543 321 1608 elisioni
334 1543 388 1607 vel
403 1543 623 1626 amputationi
636 1544 792 1610 obnoxiae
807 1543 949 1625 fiebant3
971 1544 1031 1608 sed
1044 1545 1202 1610 obnoxiae
1219 1543 1464 1628 quodammodo

190 1645 304 1694 omnes
318 1635 438 1713 praeter
454 1636 494 1698 r,-
516 1649 592 1712 quae
606 1636 773 1713 potestate
792 1630 937 1713 quadam
957 1649 993 1694 se
1019 1629 1203 1696 sustinendi
1227 1630 1370 1712 praedita
1390 1651 1465 1698 esee

189 1713 337 1793 videtm3
359 1733 524 1796 nusquam
537 1717 624 1780 enim
638 1717 674 1778 in
693 1714 920 1806 Homericis'a
933 1715 1041 1782 vocali
1062 1717 1209 1799 sequenti
1225 1717 1382 1799 absorpin
1401 1723 1464 1788 est.
1481 1749 1484 1754 ¹

190 1797 231 1864 In
257 1799 505 1882 exemplaribus
528 1801 671 1882 vulgatis
698 1808 904 1883 augmentum
928 1803 963 1864 in
991 1803 1185 1886 compositis
1213 1801 1281 1864 sere
1312 1803 1465 1868 omnibus

190 1894 400 1949 conservetur
412 1885 497 1948 inter
510 1887 778 1968 praepositionem
792 1893 826 1950 et
841 1888 985 1963 verbum,
1001 1889 1121 1970 quibus
1136 1893 1321 1970 protectum
1333 1893 1398 1951 est·

233 1968 275 2034 In
289 1971 443 2034 carminis
458 1976 552 2034 textu
573 1970 748 2053 redigendo
771 1977 805 2036 et
825 1971 1064 2050 consumendo,
1089 1993 1165 2056 quae
1189 1972 1412 2055 probabiliora
1431 1973 1466 2036 in

191 2054 344 2119 codicum
358 2061 391 2119 et
404 2055 645 2137 exemplarium
658 2062 805 2122 veterum
829 2059 932 2122 variis
954 2057 1149 2122 lectionibus
1172 2057 1339 2134 visasint,
1360 2057 1464 2140 selegi
1523 2056 1526 2062 ’

190 2145 225 2202 et
236 2140 338 2205 tacite
349 2141 471 2223 recepi,
494 2141 553 2204 sed
574 2141 656 2204 nibil
669 2142 827 2211 momenti
841 2141 984 2224 aiicujus
998 2162 1017 2206 e
1033 2139 1233 2227 conjectura,
1259 2160 1326 2214 non
1340 2144 1466 2208 monito

189 2224 322 2304 lectore,
337 2232 372 2290 et
384 2226 512 2291 ratione
525 2225 665 2304 reddita,
679 2226 809 2292 admisi.

232 2395 275 2459 P.
291 2395 327 2462 S.
373 2396 464 2463 Dum
477 2398 550 2463 haec
562 2399 842 2481 immimebantur,
859 2397 940 2461 mibi
952 2397 1067 2461 videre
1082 2395 1219 2480 contigit
1231 2417 1308 2480 quse
1322 2397 1374 2462 vir
1389 2397 1465 2464 dili·

190 2501 269 2565 gens
282 2487 316 2544 et
328 2483 513 2566 ingeniosus
540 2481 653 2548 Raoul
665 2484 708 2547 de
721 2484 755 2547 la
770 2481 934 2547 Roobette
952 2502 1015 2566 pro
1031 2481 1246 2547 Fo'urmontio
1269 2491 1371 2566 atque
1391 2485 1465 2550 e'us

190 2567 294 2631 titulis
310 2567 495 2652 Amyclaeis
517 2575 631 2632 contra
653 2589 707 2632 me
722 2568 946 2632 diserte‘satis
970 2567 1160 2668 etcopiose
1179 2567 1370 2652 disputavit.
1406 2506 1467 2641 ln

191 2656 298 2716 tamen
313 2671 378 2716 non
392 2653 471 2716 mihi
485 2655 582 2717 estin
596 2655 707 2718 animo
717 2660 913 2734 retractare;
937 2673 1038 2737 quum
1051 2653 1194 2738 Jomjam
1213 2655 1465 2739 septuagenario

191 2755 296 2822 neque
311 2739 415 2803 otium
428 2758 533 2822 neque
547 2758 656 2822 operae
671 2742 811 2822 pretium
827 2739 872 2803 sit
889 2740 1052 2804 bominem
1068 2758 1216 2822 arguere,
1241 2741 1298 2821 qui
1312 2745 1467 2824 portenta

190 2824 253 2888 isia
267 2829 594 2902 ΑΡΙΣΕΤΑΝΔΕΡΟ,
609 2830 915 2904 ΑΡΙΣΕΤΟΜΑΚΟ,
933 2828 1110 2902 ΣΕΚΟΛΔ,
1123 2829 1306 2899 sudum,
1320 2830 1381 2889 dte.
1397 2825 1466 2892 ullo

189 2927 333 2996 unquam
348 2916 490 2976 veterum
506 2908 699 2974 Graecornm
721 2908 868 2974 sermone
888 2915 1048 2995 usurpata
1062 2929 1145 2986 esse,
1169 2911 1233 2974 sibi
1247 2911 1465 2995 persuaserit3

191 3002 245 3059 aut
260 3002 457 3060 ΜΑΤΕΡΕΣ
473 3004 547 3059 ΚΑΙ
562 3002 707 3057 domi
723 3002 799 3059 Tor
811 3001 1068 3061 ΑΠΟΛΛΩΝΟΣ
1077 2994 1212 3059 modum
1220 3014 1295 3059 esse
1306 2995 1466 3078 loquendi

191 3083 275 3162 gard
291 3082 344 3145 vei
357 3084 483 3150 civitati
498 3084 554 3146 ulli
568 3083 717 3166 antiquae
733 3081 917 3146 Hellenicae
932 3099 1079 3164 unquam
1095 3081 1259 3163 cognitum
1274 3080 1465 3163 crediderit3

191 3174 246 3232 aut
268 3167 322 3230 cui
345 3166 499 3251 simplex,
521 3168 681 3244 sincerus,
704 3176 738 3230 et
758 3170 951 3232 intemerata
970 3166 1048 3242 fide,
1070 3168 1164 3229 visus
1179 3166 1223 3230 sit
1237 3166 1280 3242 is,
1304 3168 1361 3249 qui
1375 3166 1466 3233 aliud

190 3251 276 3317 istud
290 3259 476 3335 portentum
492 3258 878 3331 1ΚΕΤΕΡΚΕΡΑΤΕΕΣ,
894 3273 938 3317 ex
948 3250 1123 3334 Hesychio
1138 3250 1225 3315 male
1239 3251 1327 3315 lecto
1341 3251 1464 3317 coniic-

190 3341 270 3415 tnm,
285 3344 321 3400 et
332 3338 486 3415 nominis,
500 3340 572 3404 sive
585 3339 720 3416 nullius,
736 3340 902 3403 sivealius
914 3340 1177 3414 eruemus,
1191 3336 1270 3400 loco
1282 3342 1464 3420 receptimt,

190 3440 250 3505 pro
265 3442 345 3487 vero
369 3428 402 3487 et
426 3424 564 3507 antiquo
588 3444 609 3487 a
626 3424 740 3507 lapide
761 3426 872 3489 exseri
897 3431 943 3500 to,
969 3422 1112 3506 proferre
1129 3428 1162 3485 et
1176 3422 1347 3489 venditare
1361 3440 1464 3488 ausus

190 3514 285 3573 esset.
319 3508 480 3573 Frondem
488 3509 793 3591 flagitiosissimam,
809 3511 864 3573 in‘
891 3510 1058 3573 onomine
1074 3527 1135 3591 pro
1146 3507 1210 3570 boc
1222 3507 1463 3587 substituendo,

190 3593 263 3677 ipse
284 3594 358 3676 ejus
371 3591 523 3659 defensor
541 3601 575 3658 et
589 3597 779 3660 emendator
793 3594 892 3683 plane
908 3594 972 3658 etsi
985 3594 1108 3656 invitus
1122 3593 1276 3674 agnovit3
1299 3612 1407 3673 neque
1420 3594 1464 3673 ei,

191 3681 245 3761 qni
259 3679 365 3742 semel
379 3679 430 3743 sic
444 3681 598 3743 mentitus
613 3682 667 3757 sit,
683 3684 718 3744 in
733 3680 800 3744 alia
812 3681 883 3745 nlla
897 3699 933 3744 re
948 3697 1095 3763 unquam
1108 3677 1306 3741 credendum
1316 3683 1378 3742 est.
1410 3676 1465 3743 Ob

190 3764 312 3829 multos
331 3784 383 3828 me
402 3782 539 3842 erroreS,
565 3765 601 3829 in
614 3766 700 3831 libro
715 3766 756 3829 de
771 3767 888 3830 litteris
904 3763 1049 3841 Graecis,
1073 3762 1277 3846 piacularem
1292 3782 1367 3826 esse
1377 3762 1465 3846 jam-

190 3849 317 3931 pridem
331 3848 500 3933 professus
516 3868 607 3916 sum:
631 3852 690 3917 sed
707 3850 792 3915 tituli
812 3851 869 3915 isti
892 3848 1191 3936 pseudo-amyclaei
1210 3850 1277 3932 ipsi
1298 3867 1336 3913 se
1359 3846 1465 3915 falsos

189 3952 263 3999 esse
278 3936 386 3998 cuivis
401 3934 541 3999 doctiori
556 3936 639 4000 satis
652 3937 816 4021 produnt;
837 3956 944 4021 neque
957 3942 1073 4000 nostra
1087 3934 1321 4019 disputatione,
1343 3936 1378 3997 in
1391 3937 1465 4020 pln-

189 4019 281 4083 rimis
304 4019 509 4101 corrigenda,
535 4020 635 4084 adid
662 4021 951 4091 demonstrandum
975 4020 1135 4102 indigent.
1196 4019 1402 4084 Masoreti'ca
1426 4039 1466 4087 ea

190 4128 329 4188 αριστνος,
356 4129 489 4183 cennas,
512 4110 586 4182 tre,
610 4106 659 4170 sic
676 4108 798 4176 inserto
821 4113 858 4181 E,
884 4126 944 4191 pro
970 4129 1094 4193 αςιστος,
1119 4128 1239 4183 canas,
1262 4110 1336 4182 boc„
1365 4125 1465 4173 mette

190 4196 266 4253 sunt
281 4192 378 4255 scioli
393 4190 511 4253 insulsi
529 4189 647 4255 sordes
667 4200 701 4256 et
720 4194 921 4281 quisquiliae,
945 4194 989 4255 ab
1008 4192 1097 4256 omni
1112 4192 1258 4254 omniurn
1278 4193 1465 4261 seculorum

189 4275 313 4351 indole,
329 4276 469 4353 ratione,
494 4284 527 4340 et
541 4295 605 4338 usu
619 4277 775 4360 loquendi
789 4297 921 4361 prorsus
935 4276 1054 4354 aliena,
1082 4296 1157 4362 quae
1172 4278 1259 4341 serio
1276 4286 1417 4341 tractare
1432 4283 1467 4342 et

190 4377 324 4444 arguere
339 4362 398 4424 vix
412 4362 547 4426 minoris
562 4362 711 4427 stultitiae
725 4362 821 4441 foret,
837 4384 937 4449 quam
950 4362 1076 4445 fingere
1085 4368 1119 4427 et
1134 4362 1279 4444 proferre
1293 4362 1466 4446 impuden-

190 4445 256 4522 tiae,
271 4446 436 4524 audaciae,
460 4454 495 4509 et
509 4446 651 4515 inscitiae
667 4448 739 4514 fuit.
784 4447 887 4527 Quod
906 4467 959 4512 me
978 4455 1090 4512 eutem
1109 4448 1279 4512 insimulat
1296 4446 1464 4527 defensor,

192 4532 278 4594 mala
299 4531 365 4595 tide
387 4533 494 4614 egisse
508 4533 542 4594 in
557 4551 598 4596 ea
611 4532 727 4601 fraude
740 4533 932 4617 detegenda,
957 4552 1058 4615 quam
1071 4536 1111 4611 is,
1137 4552 1205 4616 qua
1219 4531 1284 4594 fide
1300 4534 1364 4596 scit
1378 4534 1465 4616 ipse,

191 4617 287 4679 simul
301 4618 455 4698 agnoseit
469 4636 509 4681 ac
524 4617 680 4696 defendit,
703 4621 788 4684 ratio
803 4620 961 4702 arguendi
976 4624 1026 4682 est
1040 4637 1153 4683 eorum
1167 4617 1324 4697 solennis,
1345 4620 1466 4701 quibus

192 4712 380 4783 argumenta
397 4702 490 4785 justa
504 4702 642 4766 desunt:
665 4710 700 4767 at
722 4724 790 4788 qua
803 4712 912 4769 tamon
926 4703 990 4767 tide
1011 4705 1114 4784 egerit
1127 4701 1183 4769 ille
1199 4704 1231 4766 in
1247 4704 1346 4767 tacite
1362 4713 1466 4769 uuus·
1518 4706 1527 4719 '

191 4786 349 4852 mittendo
358 4795 540 4871 serpentem
554 4794 588 4851 et
598 4788 716 4871 vulpes
730 4790 850 4872 clypeo
862 4796 1046 4865 exstantes,
1061 4785 1148 4851 etad
1161 4788 1239 4855 belli
1250 4788 1465 4868 Messeniaci,

191 4871 278 4953 qnod
298 4873 402 4935 titulis
422 4872 586 4955 designari
606 4880 715 4956 negat,
735 4874 905 4938 historiam
924 4874 1113 4937 fabulosam
1134 4874 1232 4957 plane
1253 4877 1464 4959 pertinentes,

191 4962 290 5107 Ἳιιο
302 4957 380 5021 ideo
400 4976 421 5021 a
434 4956 645 5038 fabricatore,
713 4979 769 5023 nm
783 4960 896 5024 verbis
911 4960 1087 5042 designare
1101 4962 1252 5039 nesciret,
1278 4962 1464 5045 appositas,

186 5039 226 5122 ju
248 5042 317 5110 icet
338 5042 444 5111 lector
466 5062 596 5128 aequus.
656 4979 835 5114 llominem
860 5044 1020 5126 adultum,
1048 5046 1105 5130 qui
1132 5048 1239 5115 critici
1262 5053 1373 5131 partes
1400 5046 1467 5111 sibi

450 5199 455 5207 ι
