3825 5975
701 413 750 488 Io
766 411 969 490 Homerum.
1216 380 1220 386 „
1421 425 1472 496 28
1576 443 1585 457 ’

200 583 345 654 merline
358 582 592 663 adumbratur,
603 584 767 650 excelsior
786 591 821 651 et
833 584 1023 668 generosior
1040 590 1091 650 est
1109 581 1250 666 mimus,
1270 605 1372 670 quam
1384 595 1422 656 ut
1435 591 1471 658 in

200 691 317 736 remos
329 678 364 734 et
382 669 521 736 ancillas
544 670 700 749 saevierit,
724 677 782 736 aut
805 675 876 736 tam
896 671 956 737 vili
979 676 1013 736 et
1034 669 1222 737 miserando
1247 675 1407 757 sanguine
1420 675 1470 742 ul-
1523 686 1526 699 ·

199 755 324 822 tionem
335 754 391 823 vel
405 758 490 820 iram
501 756 695 840 placaverit.

219 915 227 926 .
241 841 479 918 Veruntamen,
493 839 683 924 quominus
692 839 815 926 judicii
828 847 862 905 ot
874 842 997 924 ingenii
1011 842 1046 906 in
1057 841 1219 926 fingendo,
1243 862 1284 908 oo
1298 843 1373 928 plus
1388 847 1469 916 artis

200 931 234 990 et
258 927 432 1009 elegantiae
459 929 495 990 in
520 925 746 992 distribuendo
775 931 808 989 et
835 927 980 992 ornando
1008 927 1120 1011 prodit
1147 926 1312 1013 Odysseae
1342 935 1474 998 auctor·

200 1007 357 1077 Summus
368 1015 421 1086 est
433 1012 556 1095 ubique
569 1010 676 1092 nitor;
696 1017 731 1078 et
747 1013 859 1076 lactea
875 1011 1032 1096 quedam
1046 1015 1177 1078 ubertas
1191 1015 1404 1083 tenuissimas
1417 1037 1471 1090 res

200 1097 284 1162 citra
303 1097 419 1164 fucum
437 1102 548 1178 anget,
570 1102 604 1160 et
627 1116 743 1162 veram
761 1115 874 1162 earum
893 1098 1052 1181 speciem,
1073 1098 1224 1180 quamvis
1244 1100 1398 1182 religiosa
1420 1123 1470 1168 re-

198 1181 564 1260 antamuonestimm
573 1181 689 1248 reddit.
729 1179 874 1260 Quoties
882 1203 936 1246 res
944 1183 1122 1266 postrdant,
1134 1185 1246 1264 vigore
1254 1204 1319 1248 non
1332 1186 1469 1270 impetu,
1590 1227 1592 1230 -
1731 1171 1733 1178 ’

199 1269 361 1350 assurgit;
383 1269 531 1351 alioquin
543 1273 701 1332 extenuat
714 1268 868 1332 consulto
882 1268 1034 1346 vires„et
1049 1287 1146 1332 cursu
1159 1268 1251 1334 facili
1265 1275 1300 1334 et
1312 1269 1472 1354 aequabili

197 1350 318 1433 sertur3
349 1351 429 1418 dum
453 1374 506 1418 res
530 1368 731 1430 communes,
754 1352 953 1418 domesticae
976 1359 1010 1417 et
1031 1354 1182 1430 nesticae,
1206 1373 1355 1418 sermone
1368 1358 1470 1429 vcultu

198 1435 334 1520 quidem
348 1457 392 1504 ac
404 1439 520 1517 nitido,
538 1458 563 1513 a
574 1439 779 1521 ‚quotidiano
801 1443 911 1502 brnen
931 1438 1097 1521 proximo,
1121 1437 1219 1522 plane
1243 1444 1276 1502 et
1290 1442 1470 1524 perspicue

197 1528 319 1586 narrat.
365 1523 408 1587 ln
429 1523 564 1608 Ulyssis
580 1523 674 1607 apud
694 1523 859 1588 Phaeacas
878 1522 1065 1588 narratione
1087 1523 1129 1588 de
1148 1524 1312 1590 erroribus
1331 1531 1365 1590 et
1383 1528 1471 1609 peri·

198 1606 285 1670 culis
304 1611 390 1686 suis,
411 1609 582 1693 praecipue
602 1610 756 1691 assmgit,
778 1607 869 1674 baud
889 1613 1000 1674 umen
1022 1608 1156 1674 sublimi
1178 1628 1218 1674 eo
1241 1608 1424 1694 splendore
1437 1617 1472 1678 et

152 1770 156 1776 Ι
198 1697 329 1770 ornatu,
337 1713 407 1776 quo
421 1693 582 1776 Virgilius
596 1695 631 1757 in
644 1694 763 1758 AEneee
776 1693 877 1758 simili
892 1692 981 1777 apud
996 1692 1124 1758 Poeuos
1136 1696 1339 1776 narratione;
1354 1716 1471 1779 quam·

199 1777 263 1854 rie,
289 1783 326 1842 ut
346 1780 531 1863 simplicior
552 1779 627 1844 haec
649 1798 750 1863 quam
772 1779 842 1856 illa,
868 1780 918 1843 ita
939 1779 1154 1862 probabilior,
1178 1786 1211 1844 et
1232 1780 1276 1846 ad
1296 1801 1471 1864 personam

199 1862 476 1948 ocauonemque
495 1867 605 1949 aptior
625 1870 693 1948 est:
716 1883 879 1946 namquo
895 1863 1006 1929 miuus
1025 1869 1125 1948 poeta
1146 1885 1184 1928 se
1202 1885 1363 1950 suumque
1382 1868 1472 1968 inge-

199 1947 292 2012 nium
305 1955 449 2014 ostentet
461 1969 505 2016 eo
517 1949 653 2015 facilius
667 1955 700 2012 et
712 1949 869 2030 libentius
888 1947 993 2014 lector
1007 1949 1061 2016 vel
1076 1949 1206 2014 auditor
1218 1950 1382 2016 illecebris
1397 1971 1472 2034 ejus

200 2032 333 2115 capitem
350 2039 383 2098 et
394 2040 530 2102 tenetur.
575 2033 718 2112 Quoties
731 2034 823 2098 illem
833 2032 951 2098 AEueae
964 2032 1115 2116 legimus,
1138 2036 1284 2100 carmina
1304 2036 1471 2114 miramur,

201 2123 299 2201 atque
306 2125 474 2186 aucwrem
487 2121 689 2203 suspicimus
697 2124 948 2200 etueneramur3
964 2119 1097 2201 quoties
1106 2124 1216 2182 autem
1227 2119 1311 2184 hauc
1324 2117 1469 2203 Ulyssis,

199 2209 385 2268 nmrantem
399 2205 520 2289 ipsum,
544 2210 655 2288 poetae
670 2223 805 2287 prorsus
819 2203 924 2281 obliti,
939 2202 1076 2284 audire,
1098 2221 1217 2286 rosque
1236 2207 1383 2268 narratas
1397 2209 1471 2270 tau·

202 2308 298 2372 quam
311 2290 422 2354 oculis
435 2291 603 2374 subjectas
616 2289 746 2367 intueri,
760 2289 920 2354 videmur.
1363 2359 1366 2366 ,

244 2389 294 2439 ur.
317 2374 361 2438 In
374 2377 565 2440 universum
578 2382 699 2451 umen,
710 2373 880 2456 utriusque
893 2379 1005 2456 poetae
1019 2373 1105 2438 ratio
1117 2371 1258 2458 fingendi
1269 2373 1385 2440 eadem
1399 2381 1470 2460 θείς

202 2463 300 2542 atque
313 2460 364 2524 ita
373 2462 653 2544 proaudientium
666 2464 768 2542 captu
779 2459 939 2537 msumta
959 2465 996 2524 ut
1010 2460 1133 2524 verius
1147 2460 1181 2524 in
1195 2461 1283 2525 notis
1297 2479 1338 2524 ae
1352 2479 1471 2544 reapse

200 2545 417 2612 existentibus
429 2545 529 2611 fidem
541 2545 664 2610 faceret
677 2543 764 2609 fictis
782 2550 816 2608 et
833 2545 971 2628 ignotis:
995 2561 1073 2628 quae
1088 2544 1163 2609 ideo
1178 2565 1290 2612 omnes
1304 2545 1472 2612 crederent

201 2629 299 2694 simul
310 2636 348 2694 et
356 2636 536 2714 stuperent.
582 2629 637 2694 De
646 2630 745 2694 rebus
755 2629 907 2696 sensibus
919 2630 1081 2710 subjectis
1095 2629 1267 2695 subtiliore
1302 2629 1471 2714 rerumque

200 2719 233 2777 et
244 2717 430 2780 morosiore
434 2715 563 2799 judicia
572 2719 648 2780 sunt
657 2714 826 2778 bominum
838 2714 921 2779 soris
934 2722 968 2780 et
978 2715 1039 2798 spur
1053 2714 1259 2780 dioretatem
1272 2649 1470 2797 degentium,

201 2817 297 2882 wem
311 2801 512 2878 criticorum,
526 2803 585 2884 qui
596 2798 784 2864 scholarum
796 2804 829 2862 et
839 2802 1085 2884 gymnasiorum
1098 2799 1327 2864 litterariorum
1341 2802 1472 2868 umbra·

202 2885 285 2948 culis
306 2891 485 2962 mantes,
508 2885 625 2949 alienis
649 2885 756 2949 oculis
780 2904 873 2967 saepe
895 2886 1019 2964 vident,
1044 2890 1077 2948 et
1096 2903 1214 2948 sensus
1237 2886 1430 2963 animonum
1453 2903 1472 2950 e

201 2965 413 3055 praesruuptis
435 2971 659 3054 opinionibus,
681 2974 752 3033 arte
774 2969 979 3051 professoria
1001 2971 1214 3035 concinnant.
1257 2967 1306 3034 At
1330 2990 1372 3034 ea
1394 2970 1473 3053 ipsa

196 3054 328 3137 judicia
339 3076 383 3121 eo
397 3054 673 3138 exercendaque
682 3055 889 3137 experientia
898 3054 1179 3138 quotidiananihil
1187 3054 1323 3131 valeret,
1336 3073 1472 3138 prorsus

200 3138 423 3228 hebescerent,
444 3142 495 3207 ita
516 3147 554 3206 ut
577 3159 674 3205 omne
699 3139 907 3216 miraculum,
933 3141 989 3207 rel
1011 3140 1078 3205 loci
1100 3138 1155 3206 vel
1176 3140 1335 3222 temporis
1360 3140 1472 3223 spatio

201 3232 373 3305 semotum,
395 3227 495 3291 facile
506 3225 552 3291 ad
565 3222 761 3290 credendum
774 3230 880 3304 esset;
902 3231 936 3290 ct
948 3224 1110 3309 quidquid
1124 3224 1258 3289 licentia
1273 3223 1414 3306 fingendi
1430 3224 1472 3289 de

200 3308 343 3377 Achillis
357 3311 412 3379 vel
426 3310 560 3394 Ulyssis
572 3312 672 3375 rebus
685 3312 787 3390 gestis
805 3311 950 3392 proferre
965 3316 1091 3393 posset,
1106 3310 1218 3393 pronis
1232 3309 1378 3386 auribus,
1399 3314 1472 3375 tan·

201 3416 303 3479 quum
316 3396 384 3461 lide
408 3396 805 3479 dignumacciperetur,
822 3396 932 3459 abiis
954 3396 1066 3471 edam,
1093 3414 1177 3476 quos
1199 3413 1242 3457 ue
1270 3392 1472 3476 Virgilianae

198 3480 338 3577 quidem
358 3482 560 3566 hyperbolae
573 3481 615 3545 de
629 3480 786 3545 fluctibus
804 3479 849 3543 ad
871 3479 983 3543 sidera
997 3480 1254 3559 assurgentibus,
1283 3480 1356 3541 &cf
1373 3498 1472 3561 aequo

201 3585 312 3632 ammo
327 3568 570 3633 auscultaturus
582 3565 696 3643 fluisse,
710 3560 755 3629 ex
768 3585 809 3630 eo
823 3564 979 3647 colligere
992 3565 1082 3641 licet,
1098 3561 1200 3645 quod,
1219 3561 1256 3625 in
1272 3562 1473 3629 carminibus
1602 3558 1605 3565 ’

200 3652 491 3734 tam'multiplioee
511 3650 677 3734 ejusmodi
699 3670 807 3714 rerum
819 3651 949 3735 species
964 3656 1032 3715 tam
1046 3647 1136 3713 varie
1153 3645 1362 3711 adumbratas
1382 3667 1472 3713 com-

201 3738 325 3819 plexis,
347 3736 428 3801 nihil
452 3736 519 3802 tale
540 3741 665 3801 veteres
686 3741 797 3819 poetae
820 3736 896 3800 ausi
919 3737 997 3799 sint.
1042 3733 1122 3797 Pari
1143 3751 1276 3815 quoque
1297 3731 1472 3813 modestia,

202 3824 321 3905 impari
349 3822 503 3904 quamvis
536 3828 607 3887 arte
633 3826 667 3885 et
698 3820 843 3906 ingenio,
880 3826 991 3905 poetae
1026 3819 1157 3883 barbari
1191 3816 1472 3900 Septentrionales
1509 3890 1512 3895 ,

203 3910 341 3971 undem
374 3907 548 3973 muoriam
582 3904 772 3982 bwtbrunt,
809 3907 952 3989 adaque
987 3902 1157 3969 immodici
1193 3903 1229 3966 in
1271 3903 1406 3967 deorum
1439 3908 1474 3969 et

203 3990 337 4071 meeum
354 3992 455 4057 factis
482 3992 570 4057 uua
587 3991 718 4057 omnem
739 3991 891 4057 bumanae
914 3994 1041 4055 nutmae
1063 3990 1223 4053 rationem
1252 3986 1412 4069 augendis
1439 3994 1475 4055 et

390 4076 462 4142 dis:
485 4076 528 4141 de
541 4078 585 4141 iis
596 4078 684 4141 enim
696 4076 866 4141 audientes
879 4078 992 4141 omniu
1004 4074 1134 4140 credere
1148 4073 1254 4157 parati
1268 4077 1372 4150 erant,
1392 4074 1475 4156 quia

204 4161 283 4233 nibil
296 4163 386 4229 scire
398 4167 585 4246 potuerant.
630 4161 673 4226 In
695 4162 848 4227 omeribns
869 4166 999 4238 autem,
1014 4180 1090 4244 quae
1114 4179 1133 4223 e
1155 4158 1263 4225 solitis
1283 4157 1472 4239 aurigandi,

205 4249 354 4326 rmandi,
368 4252 559 4313 amenta
568 4247 729 4331 pascendi
740 4245 862 4313 studiis
876 4246 1009 4331 cognita
1016 4246 1183 4322 habereut,
1197 4242 1290 4321 nibil,
1302 4242 1392 4327 quod
1406 4263 1475 4309 nou

204 4339 427 4411 rerumesset,
451 4334 616 4399 oblectare
628 4334 754 4416 potuit;
776 4337 875 4415 utque
895 4331 984 4397 bano
1006 4332 1050 4396 ob
1073 4350 1222 4406 causam,
1248 4329 1279 4393 si
1301 4328 1391 4393 mulla
1405 4329 1475 4393 alia

203 4418 368 4496 subesset,
377 4418 825 4501 inaniumistaampullarum
833 4417 973 4501 farrago,
988 4436 1065 4499 quae
1077 4417 1141 4481 sub
1151 4414 1288 4479 Ossiani
1299 4411 1474 4493 cujusdam

205 4501 281 4569 ficto
293 4504 428 4569 nomine
447 4503 620 4574 venditata
633 4508 701 4580 est,
720 4524 782 4587 pro
805 4504 1028 4568 commentitia
1050 4506 1083 4567 et
1108 4500 1293 4574 subdititia,
1318 4497 1474 4579 aquovis
1610 4575 1612 4587 γ

204 4605 269 4653 non
281 4596 430 4654 veterum
440 4608 568 4655 morum
579 4593 613 4653 et
622 4586 896 4653 consuetudinum
904 4605 1041 4674 prorsus
1052 4587 1178 4668 ignaro,
1192 4580 1346 4647 habenda
1355 4580 1452 4648 soret.

247 4672 373 4739 Omnes
384 4673 546 4751 homiues,
559 4674 743 4756 prasertim
751 4674 904 4758 juvenes,
927 4671 1115 4737 mirabundi
1128 4667 1281 4751 gaudent,
1304 4666 1474 4751 prodigio-

204 4757 319 4841 sisque
346 4765 380 4824 et
401 4760 607 4825 mirabilibus
630 4777 836 4840 summopere
860 4757 1087 4833 delectantur3
1119 4764 1218 4837 aupue
1242 4750 1343 4819 iidem
1368 4771 1473 4833 senes,

204 4862 306 4924 quum
319 4844 473 4908 sensibus
487 4844 617 4909 obtusis
637 4850 670 4907 et
692 4842 858 4906 mentibus
877 4840 1067 4923 defatigatis
1086 4840 1263 4922 praesentia
1280 4838 1389 4906 murus
1425 4838 1474 4908 lu·

205 4934 289 5006 cent,
299 4929 409 4993 omma
418 4931 597 5013 praeterita,
608 4927 778 5012 quaeipsis
787 4924 1004 5010 ad⁴ejusmodi
1013 4925 1261 4990 delectationem
1271 4859 1475 4988 sentiendam

637 5126 647 5155 ¹
666 5116 1045 5191 AEa1.1os.111.'sor,&c.
