3825 5975
475 411 526 484 st
981 403 1240 506 Prolegomenh

472 577 589 656 ialin,
609 577 778 644 hominum
804 577 944 644 assem
972 597 1101 664 semper
1122 581 1287 646 rehulrunt
1312 579 1356 644 ad
1380 579 1477 645 locos
1500 579 1535 644 in
1551 579 1676 663 'quibus
1699 595 1743 644 eu

474 664 573 748 primi
587 663 717 746 experti
726 663 808 728 sint.
851 663 894 728 In
906 665 1053 748 ejusdem
1077 667 1220 748 catalogi
1234 663 1408 750 proemio,
1431 684 1500 749 quo
1514 671 1615 748 poeta
1627 679 1744 730 musae

472 750 642 814 memoriae
672 749 759 813 filias
783 749 895 815 studio
922 751 1095 818 intentiore
1119 751 1265 832 invocat,
1294 751 1466 815 lamentari
1492 747 1743 834 quodammodo

442 901 452 918 ‚
472 831 605 899 ridetur
617 854 654 898 se
666 833 856 900 exulantem
869 853 929 900 eos
942 835 978 900 in
990 836 1034 900 iis
1046 839 1232 920 regionibus
1251 837 1444 918 reliquisse3
1467 837 1640 900 verborum
1654 836 1743 900 enirn

474 923 624 1002 tempore
637 919 735 1002 plane
749 923 927 1003 praesentia
950 927 1037 1000 suut,
1063 925 1184 1006 qrrihus
1198 921 1321 986 orendo
1335 921 1377 984 iis
1400 921 1495 999 dicit,
1516 941 1569 983 vos
1584 917 1697 986 adestis
1710 927 1742 982 et

477 1003 581 1068 omru'u
594 1003 725 1068 civicis
734 1028 746 1078 ‚·
768 1025 822 1068 cos
833 1004 1071 1090 cutemfamcm
1087 1005 1226 1094 aliquem
1240 1005 1363 1070 tautum
1387 1005 1539 1083 audimus,
1556 1003 1637 1068 nihil
1653 1001 1744 1070 scivi·

477 1094 568 1152 mus}
1436 1103 1438 1106 ·

522 1190 603 1240 cxv.
626 1172 741 1258 objici
763 1175 903 1242 forsitan
924 1179 1067 1261 potuerit
1090 1175 1232 1244 Hesiodi
1256 1195 1384 1242 carmen
1409 1175 1632 1240 didacticum:
1655 1173 1744 1258 quod

477 1257 668 1326 Homericis
695 1263 850 1343 quamvis
876 1263 980 1328 multo
1008 1265 1184 1347 posterius,
1213 1264 1284 1348 ejus
1312 1267 1420 1326 tamen
1450 1261 1559 1326 aetatis
1587 1266 1648 1337 est,
1675 1277 1744 1344 qua

475 1343 615 1427 antiqua
635 1364 764 1410 morum
793 1347 987 1432 simplicitas
1011 1349 1119 1414 adhuc
1147 1350 1296 1414 invaluit.
1341 1347 1409 1411 Sed
1437 1345 1504 1410 aha
1531 1363 1665 1428 prorsus
1693 1349 1745 1409 est

474 1430 559 1494 ratio
586 1449 695 1494 rerum
715 1433 836 1514 quihus
857 1433 1048 1500 instructum
1062 1441 1130 1514 est;
1152 1453 1259 1518 neque
1283 1434 1464 1509 sententiae,
1487 1432 1522 1496 in
1544 1451 1640 1496 usum
1662 1431 1743 1496 vite

475 1513 586 1580 civilis
598 1521 631 1580 et
644 1517 781 1598 agrestis
795 1519 956 1598 collectae,
970 1525 1004 1584 et
1017 1521 1166 1584 versibus
1181 1521 1332 1596 intextae,
1354 1519 1501 1601 speciem
1518 1522 1576 1582 sut
1594 1522 1744 1580 natrrram

474 1598 596 1670 habent
608 1601 817 1668 scientiarum
839 1624 954 1668 earum
968 1606 1238 1688 exquisitionem
1261 1624 1349 1686 quse,
1375 1623 1477 1688 quum
1491 1621 1598 1686 neque
1611 1601 1744 1686 opibus,

475 1697 582 1766 neque
607 1687 792 1752 commodis
805 1690 950 1770 puhlicis
965 1689 1019 1754 rel
1042 1690 1182 1774 privatis
1208 1689 1335 1772 aliquid
1358 1689 1561 1766 contulerint,
1584 1693 1653 1751 tam
1667 1705 1746 1750 con-

468 1772 616 1852 temptui
645 1773 737 1854 apud
763 1773 863 1838 rudes
889 1776 1037 1840 homines
1061 1795 1192 1860 semper
1219 1775 1321 1852 fuere,
1345 1793 1446 1856 quam
1466 1773 1584 1838 otiosis
1608 1778 1641 1837 et
1662 1772 1746 1835 luxu

477 1853 700 1922 diffluentibus
712 1860 746 1922 in
760 1859 901 1924 deliciis.
946 1861 1136 1926 Prudentiae
1151 1866 1261 1924 autem
1275 1859 1476 1935 domesticae,
1493 1877 1533 1922 ac
1552 1855 1639 1940 juris
1655 1875 1746 1920 com·

477 1941 586 2005 munis
600 1948 635 2006 et
647 1941 748 2008 officii
764 1950 945 2028 praecepta,
969 1967 1044 2029 quae
1059 1952 1152 2012 vates
1166 1943 1337 2022 Ascraeus,
1352 1963 1371 2008 e
1385 1944 1555 2008 sententiis
1571 1939 1697 2025 sparsis
1712 1944 1746 2005 et

474 2022 679 2108 jampridem
693 2028 847 2110 vrrlgetis,
863 2033 1080 2095 concinnasse
1104 2038 1137 2096 et
1151 2049 1297 2108 ornasse,
1319 2029 1432 2113 potius
1447 2047 1546 2111 quum
1570 2027 1611 2092 de
1626 2031 1746 2110 suopte

477 2109 609 2190 iugenio
624 2113 868 2196 deprompsisse
881 2116 1021 2198 videtur,
1043 2119 1184 2180 omnium
1210 2117 1376 2179 hominum
1390 2115 1535 2176 interfuit
1548 2129 1747 2194 cognoscere

478 2198 513 2260 ot
522 2197 681 2260 memoria
693 2203 820 2276 tenere3
843 2197 921 2260 dum
935 2200 1019 2262 situs
1034 2217 1074 2262 ac
1087 2201 1220 2262 nomina
1233 2199 1381 2262 locorum
1396 2195 1686 2272 alienorum,=uiri,
1703 2214 1748 2258 ex

478 2297 541 2342 usu
555 2285 589 2343 et
601 2279 838 2344 consuetudine
850 2286 1010 2348 anteactae·
1022 2283 1112 2359 vitae,
1124 2282 1298 2346 affectibus
1312 2283 1412 2345 animi
1426 2281 1530 2344 infixa
1543 2285 1575 2344 et
1588 2279 1749 2366 inhssreu·

480 2362 529 2426 tia
540 2370 665 2442 esseut,
678 2384 772 2429 uerno
786 2385 829 2430 ea
843 2372 943 2432 aetate
953 2368 1008 2432 vel
1022 2369 1107 2431 scire
1119 2368 1174 2431 vel
1188 2367 1302 2432 audire
1316 2371 1474 2430 curasset.

525 2465 633 2513 uxvr.
656 2449 742 2514 Mihi
754 2451 849 2532 igitur
862 2453 922 2516 vix
945 2451 1162 2516 dubitandum
1176 2471 1248 2516 esse
1263 2451 1402 2528 videtin,
1417 2451 1497 2534 quin
1511 2453 1613 2533 poete
1627 2449 1701 2531 ipse
1715 2455 1751 2514 et

479 2533 578 2616 primi
602 2535 769 2600 auditores
792 2535 919 2614 Iliadis,
941 2555 986 2600 ex
1000 2537 1044 2600 iis
1057 2538 1187 2616 suerint,
1210 2537 1267 2620 qui
1290 2539 1373 2602 inter
1394 2555 1516 2599 suumn
1539 2534 1750 2598 millesimum

479 2620 694 2683 centesimum
713 2625 749 2684 et
765 2619 974 2685 millesimum
988 2623 1292 2706 quinquagesimum
1305 2627 1379 2686 ente
1403 2619 1570 2684 Christum
1589 2624 1713 2697 nahum,
1729 2635 1749 2681 s

478 2698 711 2786 Peloponneso
724 2711 759 2769 et
773 2706 848 2769 aliis
861 2706 995 2770 forsitan
1019 2705 1163 2792 Graeciae
1188 2707 1385 2789 regionibus,
1408 2705 1442 2769 in
1456 2703 1575 2768 Asiam
1588 2704 1749 2784 migrave-

478 2793 563 2864 runt,
586 2795 623 2853 et
632 2788 878 2854 florentissimas
892 2792 1003 2870 urbes,
1028 2793 1126 2856 bouis
1141 2793 1266 2874 urtihus
1281 2798 1320 2857 et·
1334 2792 1473 2872 ingeniis
1495 2788 1749 2852 fecundissimas

478 2872 704 2939 condiderunt.
749 2873 829 2939 Hoc
844 2878 1002 2958 temporis
1016 2876 1186 2940 intervallo
1209 2883 1341 2960 poetam
1354 2877 1481 2941 vixisse
1494 2873 1640 2938 nonnulli
1658 2877 1748 2951 rete·

477 2977 551 3023 rum
563 2959 745 3042 prodidere,
770 2961 955 3043 presertim
974 2959 1329 3043 pseudo-Herodotum
1352 2962 1421 3043 qui,
1446 2959 1651 3025 ehaditione
1666 2973 1749 3040 qua·

477 3042 557 3107 dam
579 3046 722 3111 melioris
747 3046 837 3110 certe
860 3050 948 3111 note
963 3064 1063 3129 quam
1086 3052 1206 3111 caetere
1230 3046 1328 3111 istius
1350 3046 1454 3111 libelli
1470 3046 1512 3109 de
1526 3046 1595 3108 vita
1610 3042 1750 3107 Homeri

477 3128 621 3211 lunago,
642 3150 718 3194 eum
741 3135 855 3194 nauum
876 3149 951 3193 esse
964 3150 1049 3195 armo
1073 3132 1312 3196 sexcentesimo
1326 3131 1485 3212 vigesimo
1510 3128 1657 3191 secundo
1672 3134 1749 3191 ente

480 3210 614 3277 Xerxis
627 3214 891 3296 expeditionem
914 3214 973 3295 qui
987 3220 1038 3279 est
1051 3216 1246 3281 millesimus
1269 3216 1463 3279 certesimus
1485 3210 1650 3275 secundus
1673 3218 1750 3277 ante

479 3294 647 3361 Christum
673 3304 797 3374 uatum
818 3298 972 3381 scripsit:
1003 3318 1104 3381 quum
1132 3302 1208 3385 ipse
1235 3300 1436 3375 Herodotus,
1466 3296 1616 3360 ducentis
1645 3297 1751 3360 serius

480 3382 589 3459 aunis,
611 3388 646 3446 et
659 3382 841 3447 Homerum
853 3388 888 3447 et
903 3382 1093 3449 Hesiodum
1114 3384 1266 3451 floruisse
1289 3383 1491 3459 tradidisset,
1514 3380 1625 3445 verbis
1639 3386 1752 3445 tamen

479 3485 558 3547 quae
570 3467 670 3549 plane
684 3468 828 3533 iudicent
848 3467 955 3533 fuisse
969 3474 1038 3533 trnn
1053 3489 1196 3552 quoque,
1224 3471 1281 3553 qui
1307 3489 1367 3552 pro
1395 3487 1469 3533 aevo
1483 3468 1591 3549 priore
1617 3469 1752 3529 conten·

478 3548 612 3697 ttlherent3
621 3559 636 3589 ²
656 3561 757 3638 etque
769 3573 881 3619 eorrrm
903 3556 1074 3621 sententies
1089 3552 1302 3621 Aristarchus
1329 3552 1492 3618 calculum
1506 3551 1671 3636 adjecisse
1685 3556 1752 3615 tre·

420 3722 427 3740 ·
526 3720 614 3784 Dure
650 3719 829 3804 praecipere
865 3724 1072 3804 migrationes
1100 3742 1121 3786 a
1148 3723 1401 3821 chronographis
1436 3726 1626 3787 memoratae
1662 3725 1750 3799 suut,

481 3803 587 3869 altera
614 3805 749 3869 AEolum
776 3825 863 3870 auno
890 3808 1065 3872 millesimo
1095 3810 1273 3871 centesimo
1302 3807 1463 3889 vrgesimo
1493 3810 1621 3889 quarto,
1651 3805 1754 3873 altera

484 3886 604 3953 Ionum
628 3908 715 3953 anno
736 3891 914 3955 millesimo
929 3892 1179 3975 quadragesimo
1194 3898 1312 3976 quarto
1335 3898 1410 3955 aute
1425 3891 1591 3955 Christum
1615 3894 1750 3969 netum3

481 3973 546 4037 aed
570 3974 657 4037 hanc
681 3975 835 4057 stirpium
859 3976 1104 4043 distinctionem
1124 3983 1223 4061 poeta
1251 3977 1380 4042 videtur
1402 3996 1538 4059 prorsus
1563 3978 1752 4057 ignorasse3

480 4077 591 4141 neque
603 4061 686 4123 inter
707 4060 819 4141 gentes
843 4060 1048 4139 Hellenicas,
1075 4080 1213 4147 quarum
1226 4062 1362 4126 nomine
1376 4068 1408 4125 et
1423 4063 1504 4125 situs
1518 4060 1690 4137 recensuit,
1716 4064 1754 4122 ut

482 4143 691 4223 Boeotorum,
712 4142 901 4227 Epeiorunr,
924 4145 1107 4225 Ahuutum,
1129 4151 1189 4211 tre.
1211 4146 1523 4231 usquam-meminit
1548 4142 1682 4207 AEolum
1697 4144 1754 4207 vel

482 4228 624 4307 Dorum,
646 4230 700 4295 vel
725 4228 861 4295 Ionum:
885 4232 997 4295 locum
1017 4233 1102 4295 euim
1125 4230 1252 4308 Iliadis,
1273 4230 1329 4315 (N.
1343 4226 1545 4311 681-700,)
1564 4246 1630 4311 quo
1655 4226 1753 4293 Iones

483 4311 788 4391 amorlaudantis,
802 4316 976 4384 insititiam
988 4336 1062 4381 esse
1074 4316 1194 4401 Heyne
1203 4316 1403 4403 Jampridern
1416 4314 1564 4395 monuit3
1584 4330 1690 4395 neque
1711 4312 1753 4377 de

485 4418 528 4463 eo
541 4398 704 4483 ejiciendo
717 4402 815 4464 uobis
830 4400 1023 4483 ambigetur.

522 4645 531 4671 ¹
551 4642 731 4709 11.r.4e⁵,o.
1064 4648 1077 4675 ²
1095 4642 1157 4699 Lib.
1170 4662 1205 4699 rr.
1217 4662 1241 4700 c.
1255 4652 1298 4701 58.

517 4706 530 4740 ³
549 4713 595 4767 τοῖς
606 4710 627 4758 lr
639 4715 724 4777 χρόνοις
734 4712 798 4762 acea
807 4710 924 4778 (σμηρον)
935 4712 955 4759 sl
966 4712 1007 4777 pls
1021 4710 1067 4780 erpi
1087 4714 1123 4761 τὸν
1132 4714 1285 4783 Ἀρίσταρχόν
1303 4731 1359 4779 paor
1378 4714 1476 4779 yrrlelsr
1488 4716 1550 4763 asra
1567 4714 1605 4767 cir
1620 4713 1756 4771 fl'lc'hrlst

485 4773 601 4839 trusos,
617 4772 666 4831 ἥτις
678 4779 766 4842 iurari
775 4779 813 4834 eir
821 4777 862 4826 rin
869 4776 1014 4847 ‘liguatrllut
1024 4776 1116 4829 καθὸδον
1128 4782 1178 4831 trhr
1189 4780 1304 4842 liriacum.
1689 4812 1692 4826 ·
1740 4788 1748 4805 ⁶

524 4905 531 4917 ·
1294 4840 1383 4900 Procli
1393 4861 1511 4911 mucrore
1521 4848 1637 4911 excerpt.
1650 4842 1685 4895 A.

485 4904 556 4963 Alrae
569 4918 691 4962 veterum
704 4910 847 4963 sententie
858 4910 888 4963 irr
899 4910 1059 4967 Philostrati
1071 4914 1192 4969 Heroicis
1201 4924 1382 4969 asserventur.
1416 4914 1489 4975 yiyor
1501 4912 1698 4977 «sardeorum,
1716 4912 1755 4958 ”²

485 4974 544 5043 ἤδη,
561 4975 591 5033 ὥς
602 4978 644 5041 pir
653 4992 720 5039 pso-rr
730 4978 790 5039 inor,
806 4979 869 5041 μετὰ
878 4982 979 5059 cirrata
990 4984 1027 5033 ml
1039 4984 1118 5031 timeo
1129 4985 1168 5036 r'rrr
1180 4986 1222 5033 ri'rr
1237 4984 1340 5050 Tpoirdr·
1352 4986 1371 5029 sl
1382 4982 1403 5028 ll
1412 4980 1475 5044 μετὰ
1485 4980 1543 5028 ἔπτὰ
1551 4977 1591 5027 sal
1609 4978 1694 5041 iamir,
1704 4978 1756 5039 cult

488 5040 617 5097 nictum
628 5042 666 5088 ὅτε
678 5040 714 5088 etr
725 5042 828 5089 &usar
844 5046 865 5089 oi
876 5042 983 5097 Ἀθηναιοι
1001 5050 1020 5103 ῖς
1038 5046 1240 5095 'erravimus-
1252 5052 1270 5094 sl
1288 5046 1310 5094 ll
1322 5046 1428 5109 Ιξήιωντο
1444 5046 1481 5095 aet
1498 5045 1574 5095 laath
1590 5044 1629 5096 i'rr
1646 5042 1755 5105 γιγπῖνῦό

489 5109 553 5170 μετὰ
561 5106 599 5161 fl!
609 5109 684 5172 Τροίαν
693 5106 833 5170 iustos-ragis
844 5124 868 5189 'f‘
879 5108 915 5155 rot
926 5107 1033 5163 Ἡσίοδον.
1066 5109 1100 5164 C.
1113 5126 1201 5165 xvsti.
1213 5112 1241 5165 S.
1253 5118 1295 5167 11.
