3825 5975
456 437 527 507 ros
601 514 608 526 α
966 405 1219 536 nenegasse

452 625 520 688 quo
533 604 679 755 :raficas
693 594 798 690 neque
810 605 938 672 blatum
948 624 1059 691 neque
1072 607 1241 673 elisionem
1255 605 1419 696 ejusmodi
1434 605 1606 676 admittere
1619 629 1722 676 ausus

453 709 556 755 esse.
609 699 615 709 '
1716 739 1719 746 ⁴

486 790 640 850 ,cuxvrn
663 776 716 841 De
744 777 879 859 spiritus
905 777 1040 842 alterius
1066 778 1194 842 vocalis
1218 779 1250 838 F
1267 780 1302 842 ui
1327 779 1464 844 metrica
1490 779 1617 863 aliquid
1637 783 1722 850 certi

453 862 563 926 dicere
587 861 762 926 admodum
788 860 924 927 difficile
942 869 1011 942 cst;
1032 881 1135 946 quum
1153 863 1296 947 jamdiu,
1319 869 1394 928 ante
1420 863 1722 930 Alexandrinorum

454 955 615 1031 tempora,
630 966 766 1048 prorsus
785 948 994 1048 enolcverat,⁸
1005 949 1069 1048 nisi
1090 949 1241 1014 obscuris
1255 949 1384 1048 aliquot
1404 947 1526 1049 ltaliae,
1549 949 1669 1028 Cretae,
1691 959 1724 1050 e't

452 1032 1557 1202 dsuatlensffiusutffldds
1575 1041 1724 1203 tun

453 1201 660 1266 consulentes
684 1203 743 1278 rei,
773 1221 874 1288 quam
896 1203 1100 1269 nectendam
1129 1204 1366 1288 susceperam
1397 1206 1554 1288 quoniam
1582 1225 1723 1290 quasque

453 1287 625 1369 diductus,
647 1293 772 1370 quanto
795 1288 949 1354 incultior
963 1295 1061 1366 esset,
1087 1295 1180 1354 muto
1199 1289 1436 1373 antiquissimus
1461 1291 1607 1374 propior,
1632 1296 1667 1356 el
1680 1289 1735 1365 ad,

453 1372 573 1455 poesin
586 1373 849 1456 antiquissimam
861 1373 1092 1439 illustrandam·
1104 1375 1224 1458 aptior.
1596 1429 1598 1436 .

468 1489 472 1497 ·
496 1474 657 1522 cuxvrn.
680 1458 884 1535 Priscianus,
906 1459 1096 1542 quemolim
1113 1461 1243 1542 sequuti
1256 1477 1383 1536 sumus,
1405 1457 1723 1540 paremiacultatem

453 1545 495 1606 in*
508 1548 613 1608 metro
634 1546 678 1626 τῷ
693 1541 912 1622 Fcoucessit,
934 1550 1035 1628 atque
1056 1544 1115 1610 alii
1138 1548 1184 1627 τῷ
1197 1553 1250 1612 1η·
1271 1544 1423 1608 vocalem
1446 1543 1574 1609 scilicet
1595 1550 1723 1610 antece-

334 1647 337 1656 ·
452 1628 581 1692 dentur
593 1628 809 1711 producendi,
823 1629 877 1694 nel
890 1628 1101 1714 corripiendi,
1112 1631 1168 1695 rel
1181 1629 1371 1695 resorbeudi
1383 1629 1497 1706 etiam3
1511 1633 1722 1712 proutpoetae

454 1713 593 1862 augeri&
603 1796 785 1884 (AEoles),”
807 1799 843 1862 iu
865 1800 925 1877 trit,
947 1756 971 1832 (ι’
981 1800 1129 1864 solebant
1147 1767 1300 1883 accipere
1314 1797 1481 1880 digamma
1496 1795 1525 1856 F
1534 1818 1595 1881 pro
1609 1817 1725 1864 conso·

452 1889 550 1984 nante
563 1885 719 1967 simplici,
740 1888 823 1950 teste
896 1890 1003 1968 tyage,
1025 1886 1083 1968 qui
1103 1883 1243 1950 diverso
1263 1885 1328 1948 hcc
1342 1881 1485 1972 ostendit
1506 1885 1666 1960 versibus,
1688 1888 1725 1948 ut

309 1989 313 1999 ·
431 1969 677 2033 amhocversu

293 3120 299 3127 .
437 3040 519 3125 ‘ou
553 3058 609 3136 113
654 3054 955 3135 cuarvuann,

844 2083 991 2124 ΟΙΟΜΕΝΟΣ
1003 2083 1140 2126 sunam
1151 2083 1327 2126 Ulmum.

454 2177 514 2247 Sic
527 2201 589 2248 nos
603 2200 737 2266 quoque
750 2201 811 2266 pro
825 2181 970 2266 simplici
993 2179 1152 2247 habemus
1173 2185 1374 2248 consonante
1397 2181 1588 2266 plemmque
1602 2181 1636 2245 V
1650 2183 1724 2261 loco

449 2265 485 2332 1²
499 2265 666 2349 digamma
677 2267 838 2350 positum,
861 2273 899 2333 ut

702 2391 738 2442 dt
748 2391 844 2444 Venus
850 2388 924 2446 baud
934 2390 1028 2448 ocimo
1040 2390 1223 2468 nequicquam
1233 2389 1361 2446 exterrita
1371 2401 1468 2447 mater.

455 2501 500 2567 Et
513 2507 621 2566 tamen
636 2499 768 2584 quando
784 2501 901 2566 AEoles
922 2502 1010 2566 idem
1026 2501 1056 2566 F
1070 2503 1276 2570 invenitmtur
1300 2523 1362 2588 pro
1377 2505 1503 2588 duplici
1528 2509 1725 2571 consonante

454 2587 621 2672 digamma
632 2587 798 2670 posuisse,
820 2593 854 2650 et
1828 2599 1832 2606 ·

906 2699 1031 2744 numm
1042 2703 1080 2743 ΔΕ
1088 2701 1143 2744 Fm'
1153 2703 1269 2747 nnlnoz.

457 2801 531 2873 Nos
554 2821 685 2885 quoque
703 2800 853 2868 videmur
874 2802 939 2866 boc
962 2803 1057 2886 sequi
1079 2802 1116 2865 iu
1139 2803 1308 2884 praeterito
1331 2801 1474 2887 perfecto
1496 2807 1531 2868 ct
1550 2804 1725 2887 plusquam

454 2887 601 2973 perfecto
615 2887 718 2953 madre
731 2892 764 2952 et
777 2890 902 2970 quartae
918 2887 1171 2971 conjugationis,
1188 2889 1222 2952 in
1235 2887 1356 2970 quibus
1375 2886 1393 2952 1
1408 2893 1482 2952 ante
1496 2886 1530 2952 V
1540 2906 1725 2962 consonan-

451 2980 520 3055 tem
581 2973 648 3041 sita
659 2972 861 3057 produntur,
884 2971 1365 3125 eadcmgrffpsirssufficfficokri
1391 2975 1523 3125 itulrffirt
1545 2961 1725 3123 alg'DIYII,

387 3212 393 3231 ,
453 3140 1064 3219 spumantemamnem.
1270 3107 1280 3139 '
1502 3106 1512 3135 '
1715 3104 1724 3139 ’

498 3227 707 3296 Inveniuntur
729 3228 828 3300 otiam
851 3246 914 3310 pro
941 3228 1053 3295 vocali
1080 3231 1232 3313 coneptu
1257 3224 1321 3291 hoc
1345 3224 1511 3309 digamma
1529 3226 1580 3293 illi
1604 3230 1668 3309 usi,
1690 3234 1727 3297 ul

456 3311 600 3380 Alcman
889 3421 1286 3473 mxumnmmsasrons

455 3533 507 3593 est
518 3528 604 3593 enim
618 3528 794 3593 dimeuum
807 3528 999 3603 iambicum,
1022 3532 1057 3591 et
1069 3528 1119 3591 sic
1133 3522 1360 3611 proferendum
1376 3522 1405 3591 F
1419 3528 1457 3588 ut
1469 3524 1571 3591 faciat
1594 3526 1727 3591 brevem

455 3614 629 3700 syllabam
674 3613 792 3681 Nostri
821 3631 955 3697 quoque
975 3612 1039 3677 huc
1067 3612 1177 3696 ipsum
1205 3611 1323 3675 fecisse
1352 3610 1568 3688 inveniuntur,
1593 3614 1650 3689 et,
1688 3628 1726 3674 ro

456 3704 669 3776 consonante,
690 3697 727 3761 V
752 3700 902 3763 vocalem
930 3697 1064 3761 brevem
1093 3698 1277 3779 accepisse,
1305 3701 1342 3759 nt
1370 3694 1531 3761 Horatius
1557 3630 1728 3760 SfflPAE

456 3782 665 3869 trisyllabum
678 3781 1191 3868 protulitinepodohocversu,
1541 3782 1547 3791 '

700 3904 843 3977 Nivesque
854 3902 993 3958 deducunt
1002 3906 1120 3970 ,lovem
1138 3921 1212 3961 nunc
1224 3920 1309 3972 mare,
1320 3920 1393 3959 nuuc
1406 3902 1500 3975 sylvae,

453 4022 505 4081 est
518 4014 606 4080 enini
619 4016 793 4080 dimetrum
806 4014 985 4079 iambicum
999 4016 1209 4099 conjunctum
1218 4016 1464 4100 penthemimeri
1476 4015 1629 4089 heroicae,
1638 3992 1729 4097 cuod

454 4101 950 4251 gtflfflmnssfflisnisi
964 4098 1137 4166 SYLVAE
1150 4102 1356 4185 trisyllabum
1370 4099 1564 4187 accipiatur.
1608 4096 1731 4163 Simili-

858 4290 939 4352 Quod
950 4310 1047 4348 zonam
1061 4292 1144 4347 solvit
1154 4290 1200 4347 diu
1214 4284 1336 4365 ligatam,

454 4392 537 4456 inter
549 4386 844 4475 hendecasyllabas
859 4386 1051 4453 Phalaecius
1072 4389 1206 4473 posuit3
1228 4408 1307 4471 ergo
1321 4381 1386 4453 nisi
1401 4386 1576 4453 SOLVIT
1588 4386 1732 4471 trisylla-

454 4476 534 4540 bum
550 4474 711 4560 accipias,
735 4492 852 4538 versus
867 4478 954 4539 stare
968 4492 1033 4537 non
1047 4479 1167 4558 potest.
1212 4473 1290 4538 Hoc
1306 4478 1414 4539 amen
1427 4475 1539 4558 ipsum
1554 4474 1588 4535 in
1602 4472 1731 4537 deriva-

455 4562 534 4625 tivis
554 4564 608 4627 vel
622 4580 698 4627 corn
722 4558 816 4623 ositis
829 4558 1016 4643 frequenter
1030 4558 1114 4623 solet
1134 4557 1217 4637 fieri,
1236 4555 1461 4636 utv0Lv0,
1485 4554 1683 4623 VOLUTU
1720 4576 1730 4593 ·

455 4642 624 4723 sonv0,
657 4646 681 4713 S
717 4642 892 4726 LUTUS;
927 4643 1054 4723 AVIS,
1090 4640 1289 4725 AUCEPS,
1327 4640 1609 4719 AUSPIGIUM,
1645 4638 1679 4705 A
1716 4676 1731 4689 -

346 4730 357 4737 ’
455 4725 666 4811 GURI'UM,
697 4728 976 4815 locustum
1002 4728 1145 4809 LAVO,
1174 4726 1384 4815 LAUTUQ
1413 4726 1587 4806 FAVEO,
1617 4724 1731 4790 ΒΑΗ-

455 4812 711 4981 T(indiguum
724 4898 841 4967 AEoles
855 4906 909 4968 est
923 4900 1057 4986 quando
1072 4900 1106 4967 in
1118 4902 1231 4969 metris
1246 4920 1308 4985 pro
1321 4898 1423 4966 nihilo
1436 4897 1659 4983 accipiebant,
1673 4903 1711 4963 nt

696 5020 811 5073 'suunt
823 5025 850 5074 a·
862 5034 1005 5077 sumansu
1015 5036 1051 5078 m
1063 5034 1101 5079 sn
1110 5028 1134 5076 τ’
1144 5028 1188 5079 ’ns
1197 5034 1273 5077 euro
1283 5030 1366 5075 nnus
1376 5029 1489 5073 srrnrs.

456 5136 509 5199 est
520 5132 609 5199 enim
621 5130 850 5199 hemmebum
862 5116 1051 5201 bonicum(
1084 5130 1189 5217 Apud
1209 5131 1348 5199 Ictinos
1362 5148 1496 5215 quoque
1513 5128 1578 5196 boc
1592 5124 1683 5195 idem
1697 5124 1732 5189 V
