3825 5975
627 358 631 364 “
717 363 766 440 In
784 363 989 442 Homerum.
1444 347 1490 442 il

214 541 284 608 ulia
296 539 513 608 antonino
528 554 658 602 simma
669 537 800 612 consilii
814 538 1049 628 atqueoperis,
1070 555 1170 622 quam
1183 539 1287 604 critici
1302 539 1334 605 ei
1348 537 1488 608 tribuere

214 629 354 692 vehent:
374 626 506 693 rudium
519 624 647 688 scilicet
654 623 820 688 hominum
833 625 960 688 mimos
969 625 1126 690 vanemte
1140 645 1246 690 rerum
1260 631 1295 690 et
1307 629 1487 710 imaginum

216 714 397 792 delectum
419 712 558 776 allectus
570 703 868 787 mouerairritare,
888 707 1041 784 deliuiie':
1063 730 1149 774 nunc
1162 712 1353 778 truculentis
1366 715 1488 780 irarum
1591 751 1595 758 ·

218 799 318 863 minis
339 804 372 862 ot
393 797 584 880 praeliorum
598 794 791 860 tumultibus
815 797 938 876 agitare
959 815 1000 861 ac
1014 801 1151 860 terrere:
1172 817 1259 863 nunc
1274 800 1394 863 teneris
1409 817 1488 864 con·

212 886 329 969 jugum
350 891 383 948 et
405 883 587 947 amantium
606 880 793 964 cohoqui‘nr,
815 887 873 944 aut
894 883 1013 965 quietae
1032 890 1066 947 et
1083 882 1237 966 pacificae
1251 885 1330 949 vitoe
1350 876 1487 950 amoeniss

218 972 342 1034 tatibus
359 969 564 1034 mrdcereac
583 965 728 1050 placare.
772 965 937 1031 Contrua
956 985 1141 1052 pugnarum
1161 987 1201 1033 ac
1224 965 1366 1035 caedium
1390 971 1486 1052 serie,

217 1075 279 1140 per
291 1062 343 1120 tot
354 1052 460 1118 millia
472 1071 628 1118 versuum
640 1055 802 1135 poneota,
824 1058 857 1116 et
876 1071 913 1115 se
926 1053 1035 1136 ipsum
1049 1061 1082 1119 et
1096 1053 1265 1119 audientes
1282 1056 1354 1142 jam
1369 1056 1488 1120 defati-

194 1217 200 1225 ,
219 1146 376 1224 goverat3
398 1145 496 1222 atque
508 1138 596 1215 ideo,
611 1143 687 1212 ante
700 1155 802 1219 quam
815 1137 964 1223 ἀριστιίας·
974 1137 1127 1218 Achillis,
1141 1140 1330 1227 praeliorum
1343 1143 1488 1206 omnium

218 1228 379 1303 maxirna,
400 1225 511 1289 dicere
525 1221 764 1306 aggrederetur,
784 1241 873 1288 nova
886 1225 1041 1307 quaedam
1056 1231 1089 1290 et
1104 1224 1280 1310 jucundior
1292 1245 1399 1290 rerum
1414 1246 1489 1310 spe·

213 1311 302 1389 ‘cies
322 1330 363 1374 ac
377 1311 485 1376 lectior
498 1309 683 1390 imaginum
706 1309 875 1390 congeries
889 1309 1086 1375 obducenda
1099 1316 1133 1376 et
1153 1310 1386 1396 interponenda
1393 1317 1487 1396 ,erat3
1530 1321 1533 1330 “

219 1396 275 1460 cui
288 1398 428 1480 clypeus
441 1397 498 1460 ille
520 1392 676 1466 θεότωκτος
698 1394 906 1458 occasionem
930 1393 1020 1479 haud
1044 1395 1261 1480 spernendam
1305 1397 1487 1464 imbuerat:
1522 1401 1527 1414 “

218 1499 337 1564 neque,
359 1488 395 1545 ut
416 1481 490 1565 ejus
510 1483 702 1546 ornamenta
723 1478 767 1542 ad
786 1478 926 1544 Achillis
949 1483 1062 1564 potius
1084 1501 1186 1566 qnam
1209 1481 1252 1547 ad
1301 1481 1411 1546 ulcani
1432 1487 1489 1548 aut

218 1565 369 1631 'lhetidis
383 1585 558 1649 personam
571 1570 604 1628 et
616 1565 719 1628 animi
731 1563 877 1629 indolem
889 1565 1070 1650 adaptaret,
1085 1573 1194 1662 poetae
1209 1566 1389 1632 curandum
1403 1573 1488 1650 erat3

219 1671 321 1734 quum
333 1651 498 1735 ejusmodi
512 1652 650 1714 subtiles
665 1655 699 1713 et
721 1649 918 1714 artificiosas
938 1653 1178 1736 congruentiae,
1201 1651 1366 1720 auditores
1379 1666 1488 1736 neque

213 1738 555 1821 postulaturi,·neque
569 1735 697 1800 sensmi
710 1738 844 1800 essene*
1477 1753 1483 1763 ·

264 1838 345 1886 xiv.
367 1822 406 1885 Si
417 1827 525 1886 autem
536 1819 686 1886 Achilles
698 1820 733 1884 in
744 1822 891 1913 orahone
905 1827 1037 1886 cautam
1050 1821 1182 1908 Ulyssis
1190 1821 1414 1902 calliditatem,
1430 1827 1490 1897 aut

220 1904 360 1990 lllysses
381 1905 542 1972 fervidam
566 1903 707 1970 Achillis
729 1905 968 1972 vehementiam
990 1915 1195 1992 usurpasset,
1220 1928 1315 1973 tremo
1328 1913 1408 1988 erat,
1432 1909 1490 1994 qut

219 2011 289 2055 nen
301 1993 410 2056 statim
424 1992 660 2070 offenderetur3
681 1993 717 2054 in
738 1988 967 2074 dijudicandis
990 1995 1077 2058 enim
1099 1994 1301 2059 diversorum
1320 1993 1489 2058 hominum

222 2075 361 2140 dirersis
374 2079 533 2154 moribus,
558 2082 593 2142 et
605 2077 639 2140 in
653 2077 813 2140 sermonis
827 2077 954 2159 specie,
979 2097 1056 2160 quae
1082 2079 1262 2163 unicuique
1281 2083 1363 2162 apta
1380 2077 1489 2164 buerit,

220 2160 488 2241 discriminanda,
520 2162 609 2226 hand
634 2160 748 2245 paullo
774 2163 939 2226 acutiores
961 2161 1140 2228 redduntur
1166 2165 1349 2228 animorum
1374 2181 1490 2230 sensurs

220 2247 412 2330 quotidiam
427 2267 534 2312 rerum
548 2266 623 2325 usu,
638 2266 740 2330 quam
752 2246 1024 2331 philosophorum
1038 2253 1095 2312 aut
1109 2249 1295 2314 criticorum
1309 2250 1491 2333 sapientia:

221 2332 279 2395 sed
294 2353 448 2415 quaenam
462 2351 626 2396 armornm
641 2337 832 2398 ornamenta
845 2331 925 2397 duci
944 2335 1123 2418 uuicuique
1138 2334 1361 2411 convenirent,
1384 2335 1490 2398 bomi-
1609 2395 1613 2408 ,
1742 2331 1745 2343 ’

220 2419 271 2480 nis
285 2424 338 2484 est
360 2419 524 2482 theorema
537 2416 665 2481 inludo
687 2414 845 2489 litterario
866 2424 925 2483 aut
947 2417 1086 2484 artificis
1109 2417 1242 2484 officina
1262 2421 1370 2502 magis
1390 2439 1502 2505 quam,

220 2502 253 2565 in
267 2505 342 2568 acie
356 2510 414 2568 aut
427 2504 512 2580 toro,
534 2509 590 2568 ant
603 2503 679 2572 aliis
693 2501 893 2586 ejusmodin
955 2505 1024 2582 tiis,
1038 2505 1172 2570 versati.
1338 2517 1340 2523 ’

263 2604 330 2653 xv,
354 2588 475 2672 Neque
497 2595 643 2672 poetam,
676 2594 713 2652 ut
737 2589 892 2672 clypeum
961 2595 1061 2672 geret,
1095 2591 1213 2655 similis
1237 2590 1363 2674 opificii
1388 2609 1491 2674 opera
1545 2591 1550 2602 '

220 2674 517 2760 nosseoportebat,
537 2676 648 2756 magis
662 2693 765 2755 quam
788 2679 916 2742 statuas
940 2694 1013 2739 sese
1036 2681 1157 2760 sponte
1170 2682 1351 2754 moventes,
1374 2676 1490 2760 quales
1610 2679 1611 2682 ’

221 2759 333 2842 paullo
355 2765 430 2824 ante
450 2757 616 2836 tinxerat,²
644 2759 789 2824 vidisse:
810 2779 919 2844 neque
943 2763 1026 2832 satis
1046 2763 1156 2826 mirari
1177 2781 1368 2845 possumus,
1395 2760 1490 2846 Hey·

220 2844 327 2942 mum,
352 2839 461 2910 virum
483 2850 621 2923 autum,
649 2842 788 2921 dixisse,
823 2843 977 2932 quidquid
996 2845 1149 2934 fingimus
1181 2846 1225 2934 od
1257 2839 1493 2945 sinoih'tudinern

221 2927 352 3029 alicujus
380 2931 440 3027 rei,
470 2949 536 3029 qum
565 2939 681 2992 reaturo
709 2925 758 2995 vel
784 2943 852 2994 arte
880 2941 1041 3032 naturum·
1054 2930 1266 3033 adumbrante,
1286 2953 1361 3017 jum
1391 2951 1491 3032 senam

221 3012 1492 3186 titulun-“ubisit‘assimilatlibuit

220 3186 366 3251 tionibus
395 3193 429 3251 et
456 3188 645 3269 conceptis3
678 3206 698 3249 e
726 3187 847 3269 quibus
877 3188 1065 3271 composita
1093 3207 1155 3271 pro
1179 3188 1277 3253 libitu
1305 3188 1493 3271 cortfingere

220 3274 395 3422 unicitp‘que
417 3272 527 3362 liceat.
554 3270 666 3421 tililipp
686 3270 843 3421 progecta
871 3279 948 3421 sunt
973 3273 1204 3422 monstratillep
1223 3292 1338 3423 lperrpn
1360 3280 1494 3424 Ἣ

331 3406 342 3434 ,
376 3378 430 3422 uae
602 3376 622 3419 e
664 3376 687 3419 n
710 3377 735 3435 1,
772 3376 886 3422 eorum
913 3376 1223 3423 ocoveneransoe
1247 3376 1314 3423 au.

221 3376 408 3525 ffipesgui
423 3356 709 3507 affluerem
722 3444 830 3543 magis
849 3448 1104 3544 consentaneum
1118 3448 1179 3545 est,
1199 3442 1317 3527 'clypei
1329 3444 1493 3528 ejusmodi

220 3524 319 3592 mehe
378 3548 436 3592 um
450 3546 472 3590 a
484 3531 591 3614 poetae
604 3527 785 3625 phantasia
797 3537 908 3611 potrus
921 3546 1024 3612 quam
1038 3526 1177 3595 molins
1190 3548 1292 3593 mann
1305 3528 1493 3629 proiectum

222 3630 314 3677 esse:
361 3613 436 3677 oris
450 3614 537 3677 enlm
550 3614 727 3695 imaginem
741 3612 833 3677 illam
846 3614 1031 3693 sublimem,
1048 3631 1149 3699 qnam
1162 3612 1271 3679 adhuc
1285 3614 1493 3708 simulachris

223 3698 368 3783 muqms
379 3699 547 3774 miramur,
569 3702 746 3793 nonpoeta
765 3717 809 3763 ex
829 3698 968 3764 artificis
983 3700 1126 3786 alicujus
1139 3719 1252 3801 opere,
1277 3699 1337 3765 sed
1351 3700 1491 3765 Phidias

221 3787 362 3867 epoetae
377 3780 527 3847 versibus
537 3779 681 3874 effinxitt
704 3789 803 3869 atque
815 3784 863 3849 ita
875 3803 1012 3851 necesse
1023 3794 1074 3851 est
1088 3804 1201 3853 omma
1214 3787 1361 3869 omniinu
1375 3786 1492 3857 artium

222 3859 365 3949 inuenta,
386 3875 495 3932 mente
509 3868 602 3952 prius
617 3875 779 3952 concepta
792 3888 879 3947 esse,
894 3891 1112 3958 quammanu
1126 3870 1368 3957 perficerentur.

265 3968 349 4051 xvi.
371 3950 488 4021 Poetae
512 3958 620 4018 autern
644 3973 763 4018 munus
791 3956 927 4023 solenne
954 3962 988 4023 et
1011 3956 1178 4043 peculiare
1203 3965 1342 4023 estnon
1367 3962 1492 4028 annus

221 4042 347 4122 namra
364 4037 519 4123 operibns
533 4041 614 4105 artis
628 4040 774 4123 speciem
788 4038 963 4120 obducere,
978 4042 1038 4107 sed
1050 4049 1199 4109 naturam
1212 4044 1323 4129 ipsun
1335 4050 1392 4109 tan
1416 4063 1493 4109 uem

224 4120 289 4187 Ilei
299 4129 405 4188 artem
417 4124 589 4225 exhibere:
609 4123 709 4211 unde,
725 4144 873 4226 sermone
888 4130 1034 4210 poetico,
1049 4130 1171 4223 omnia,
1180 4128 1281 4195 etiam
1296 4064 1492 4213 quotidiana

222 4203 390 4302 hominum
403 4215 538 4293 negotia
560 4230 601 4275 ac
623 4230 733 4275 rerum
750 4212 1010 4295 motaeitudines‚
1033 4213 1169 4280 deorum
1184 4234 1249 4300 ope
1263 4221 1298 4280 et
1311 4216 1492 4280 ministerio

224 4290 321 4359 liunt:
343 4314 449 4383 neque
462 4298 514 4363 vir
535 4294 749 4362 doctissimus
771 4298 879 4379 magis
903 4298 1023 4365 offendi
1045 4298 1213 4380 debuerat,
1241 4300 1332 4387 quod
1356 4300 1492 4384 clypeus

225 4381 294 4442 mm
316 4382 463 4459 ornatus,
484 4386 519 4446 ct
544 4386 638 4447 tanta
663 4382 744 4447 artis
769 4383 951 4450 subtilitate
976 4386 1173 4467 elaboratus,
1203 4388 1289 4452 intra
1310 4404 1493 4470 paucerum
1540 4451 1543 4457 ,
1676 4436 1682 4443 .

201 4490 206 4502 ’
223 4458 375 4544 homnim
467 4468 534 4533 ‘um
543 4466 665 4534 malleo
679 4474 713 4533 et
725 4465 845 4532 incude
855 4470 1042 4536 aVulcano
1056 4472 1277 4555 perficeretur,
1293 4490 1392 4555 quam
1404 4470 1494 4553 quod

224 4544 355 4633 Jupiter
528 4558 561 4617 et
579 4554 725 4619 tonitrua
745 4556 897 4620 manibus
919 4571 964 4621 ex
987 4556 1052 4623 Ida
1066 4560 1108 4631 jn
1129 4560 1298 4641 planitiem
1312 4554 1494 4639 'frojanam

220 4632 432 4717 iacularetur.
476 4636 514 4722 Si
527 4638 660 4703 deomm
674 4659 777 4724 opera
788 4638 908 4706 iisdem
926 4644 1108 4708 rubonibus
1131 4649 1229 4725 atque
1241 4642 1409 4707 hominum
1422 4641 1493 4706 fieri

226 4716 620 4809 medidisseutyeteresp
650 4729 683 4789 et
705 4730 804 4816 poete
829 4729 996 4816 curiosum
1022 4728 1129 4793 critici
1152 4726 1302 4793 hodierni
1327 4730 1492 4813 ingenium

184 4982 189 4989 '
256 4968 267 4997 ¹
283 4971 362 5051 Op'mt
369 4966 408 5019 rui
417 4970 645 5052 adimimus)
653 4974 691 5021 sir
701 4970 839 5053 ipriprrime
845 4978 912 5051 [arri
923 4976 981 5035 λόγῳ
991 4976 1058 5057 siper,
1073 4976 1102 5033 εἷς
1112 4978 1175 5027 ἄλλα
1187 4974 1299 5041 ildito·
1311 4974 1443 5039 διηγήματα
1454 4948 1494 5028 riu

225 5030 419 5175 612ῗὲνίἑά
431 5042 585 5113 squamma
596 5054 633 5091 m
640 5050 798 5105 mmm
807 5055 877 5094 aurs
887 5038 1096 5113 παμμυθουμπς.
1129 5040 1269 5096 Plutarch·
1282 5042 1317 5097 de
1328 5040 1424 5095 Gurul.
1445 5092 1452 5099 .
1518 5100 1520 5105 ,

313 5170 410 5243 Horu.
1382 5183 1411 5247 ll
