3825 5975
685 399 955 497 Iuliorum.
1384 403 1466 476 103·

183 577 345 644 invonitur
357 597 420 662 pro
432 575 536 642 nihilo
550 576 584 640 in
597 575 722 654 neuls,
744 579 778 640 et
789 575 936 666 maxtrne
950 572 1041 658 apud
1054 569 1300 638 vetustissimos
1313 565 1457 638 conrloo·

180 684 265 741 rum,
280 659 687 729 utTerenlinsinAndria
1308 703 1312 710 ·
1441 703 1460 726 2

426 791 430 795 ’
465 770 530 825 Sine
541 767 645 830 invidia
655 765 765 823 laudem
772 765 913 835 invenias,
923 776 952 822 et
963 766 1068 821 amicos
1076 781 1170 836 pareat

139 900 145 914 ›
182 845 235 933 'et
248 867 336 970 anan
349 863 529 937 ansteum
543 848 744 946 amasim
766 864 856 950 quor
877 865 944 930 nat
968 845 1081 930 erun
1095 859 1460 962 INvlprotribrocho
1520 867 1522 872 ·

187 954 894 1122 aciliiiirtrirumstirarirgffioldonhigoeispisum
921 1035 1039 1102 AEoles
1068 1033 1212 1118 quidem.
1228 1033 1352 1116 ubique
1380 1032 1485 1124 loco,

186 1125 401 1207 aspirationis
426 1126 604 1210 ponebant,
627 1121 818 1204 etlumentes
840 1122 977 1210 spiritus
1001 1117 1242 1208 asperitatem.”
1285 1117 1362 1182 Lib.
1385 1118 1409 1182 i.
1422 1131 1457 1202 p.

187 1209 366 1371 54(tinius.
389 1293 445 1358 Ex
456 1296 509 1360 his
523 1293 708 1360 certissime
721 1296 851 1356 constat
863 1268 1015 1357 vocalem
1032 1299 1060 1354 Ε
1074 1291 1190 1356 saltem
1203 1291 1238 1356 in
1250 1289 1379 1356 voculis
1393 1293 1462 1367 ΔΕ,

191 1387 253 1459 ΤΕ,
276 1387 346 1459 ΓΕ,
375 1383 436 1444 &c
459 1380 627 1446 elisionem
655 1384 729 1443 ante
752 1377 905 1461 spiritum
933 1373 1124 1462 Fpassam
1153 1395 1229 1441 esse
1257 1375 1463 1440 AEolicorum

188 1472 361 1548 poetarum
374 1464 630 1550 exemplaribus,
652 1483 728 1547 quae
742 1462 947 1549 Priscianus,
970 1466 1054 1528 sexti
1070 1467 1148 1546 post
1162 1459 1329 1526 Christum
1343 1466 1459 1524 natum

190 1551 302 1630 seculi¹
321 1552 565 1634 grammaticus,
586 1551 794 1634 inspexerat:
824 1547 995 1613 Alcmanis
1021 1551 1107 1612 enim
1135 1567 1266 1612 versum
1295 1547 1377 1610 citat
1403 1561 1464 1630 pro

191 1636 346 1718 exemplo
361 1637 546 1702 communis
558 1654 652 1714 usus,
671 1653 738 1699 non
751 1635 895 1718 prodigii
917 1633 1092 1719 cujusdam
1105 1634 1194 1698 unici
1218 1653 1260 1698 ac
1274 1631 1461 1714 singularis.
1481 1641 1486 1662 ¹
1585 1643 1587 1646 ·

187 1719 232 1787 Iu
248 1720 438 1803 Homericis
452 1728 574 1800 autem,
597 1721 683 1785 adeo
697 1739 774 1784 rara
786 1725 838 1785 est
862 1719 1025 1803 ejusmodi
1034 1720 1190 1800 licentia;
1212 1725 1246 1784 et
1257 1719 1342 1784 locis
1358 1716 1464 1782 omni»

190 1807 255 1873 bus
266 1825 333 1869 non
347 1807 562 1890 interpolatis,
585 1806 669 1871 adeo
682 1806 750 1870 leni
765 1807 965 1871 correctione
980 1805 1172 1886 coercenda,
1193 1813 1230 1871 ut
1241 1825 1315 1870 earn
1330 1822 1349 1866 e
1363 1803 1463 1886 rhap-

176 1890 349 1974 ,sodornm
370 1899 404 1958 et
416 1894 628 1957 timueras
643 1892 776 1956 inscitia
798 1897 831 1956 et
851 1891 1046 1966 temeritate,
1067 1893 1178 1974 potius
1200 1909 1298 1975 qnam
1311 1907 1331 1953 e
1344 1889 1465 1954 vetem
1542 1917 1544 1930 ·

191 1975 313 2058 linguae
328 1979 576 2056 consuetudine,
597 1977 782 2060 proiectam
797 1994 883 2056 esse,
905 1975 1005 2040 facile
1020 1977 1156 2040 dixeris.
1343 2047 1344 2050 Ἴ
1470 2005 1477 2014 -

235 2059 291 2124 Ex
312 2060 520 2128 hemistichio
535 2083 556 2127 a
570 2061 744 2127 Prisciano
766 2081 867 2146 supra
888 2061 1038 2139 laudato,
1059 2063 1158 2144 plane
1179 2062 1282 2146 liquet
1304 2059 1464 2124 AEoless

193 2165 252 2228 pro
268 2152 291 2210 i.
313 2147 348 2210 in
360 2150 550 2233 pronomine
561 2147 704 2231 positivo
717 2166 913 2229 usurpasse3
945 2152 979 2211 et
990 2148 1025 2210 in
1041 2145 1231 2211 Homericis
1246 2150 1320 2210 ante
1334 2145 1466 2210 tertium

194 2231 267 2315 ejus
281 2251 396 2297 casum
421 2234 621 2316 singularem
642 2233 768 2296 vocalis
789 2233 902 2296 brevis
924 2252 1053 2318 semper
1075 2234 1262 2312 sustinetur,
1288 2236 1322 2295 et
1335 2229 1466 2316 syllaba

193 2323 311 2382 namra
337 2318 446 2382 brevis
469 2337 562 2402 saepe
589 2317 750 2400 producta
773 2322 842 2382 est:
864 2317 949 2380 unde
973 2319 1036 2382 viri
1059 2315 1247 2382 doctissimi
1272 2315 1410 2400 Bentley
1434 2321 1467 2379 et

191 2399 313 2486 ,lieyne
327 2409 399 2465 FO!
410 2424 472 2487 pro
489 2410 565 2467 101
578 2403 788 2485 scripserunt.
832 2399 880 2466 ht
893 2422 994 2466 unum
1015 2402 1177 2468 duntaxat
1188 2421 1306 2466 casum
1329 2403 1378 2466 ita
1391 2419 1467 2484 pro-

194 2489 384 2552 nunciatum
399 2498 433 2554 et
446 2491 603 2573 scripturn
617 2487 721 2551 fuisse
735 2487 796 2552 vix
816 2488 913 2552 unius
936 2489 1077 2554 hominis
1091 2488 1145 2554 vel
1167 2489 1263 2552 unius
1288 2487 1394 2570 gentis
1408 2490 1467 2549 aut

195 2575 301 2636 etatis
317 2575 457 2637 sermoni
479 2573 652 2638 convenire
674 2577 776 2656 put03
799 2577 832 2636 et
854 2572 985 2638 credere
1010 2575 1123 2638 malim
1149 2573 1301 2657 spiritum
1315 2591 1467 2655 asperum

195 2655 324 2734 fortius,
340 2657 487 2737 densius,
513 2678 554 2723 ac
569 2658 685 2721 durius
698 2659 951 2741 pronunciatum
966 2679 1039 2724 esse
1061 2662 1097 2724 in
1117 2659 1181 2724 hoc
1189 2674 1277 2724 casu
1299 2660 1407 2736 tertio,
1433 2662 1468 2720 ut

195 2740 327 2806 facilius
342 2763 365 2807 a
378 2748 467 2809 recto
481 2743 599 2828 plurali
613 2743 873 2824 distingueretur.
952 2764 955 2768 ·
1433 2742 1452 2824 j

236 2842 357 2891 ccxx.
380 2827 558 2910 Spiritus}
584 2832 616 2891 et
631 2835 670 2904 F,
693 2829 777 2893 inter
791 2826 1093 2892 se'commutabiles
1112 2827 1224 2905 lirisse,
1247 2845 1313 2890 una
1336 2825 1473 2910 eadem-⁴

196 2931 257 2995 que
271 2912 428 2992 dialecto,
438 2933 540 2978 voces
557 2914 696 2979 FEl'OZ
702 2919 735 2976 et
746 2919 904 2976 HENl'Al
919 2917 1075 2978 ΕΤΗΡΙΣ
1085 2913 1242 2976 intabula
1253 2909 1466 2977 Heracleensi

196 2998 290 3081 plane
305 2998 570 3080 demonstrant3¹
593 3018 700 3082 neque
723 2999 940 3062 dubitandum
955 3000 1032 3081 quin
1056 3003 1203 3082 uterque,
1226 3014 1317 3060 more
1340 2998 1468 3061 vocalis

196 3084 308 3165 potins
323 3102 423 3167 quam
437 3104 605 3162 consonae,
627 3103 684 3150 ore
698 3082 828 3148 modice
852 3088 969 3167 aperto
984 3091 1017 3147 et
1032 3103 1105 3147 aere
1124 3084 1308 3167 exspirato,
1328 3102 1469 3164 pronun-

198 3168 302 3233 ciatus
318 3170 381 3249 sit;
404 3188 592 3253 quanquam
607 3172 639 3231 F
646 3170 769 3233 leniore
792 3169 1018 3253 exspiratione
1030 3174 1064 3233 et
1077 3188 1132 3233 ore
1157 3169 1316 3231 strictiore
1341 3167 1470 3250 paullu-

197 3249 262 3315 lum
285 3272 386 3337 quam
402 3260 446 3320 i:
473 3254 563 3318 haud
587 3254 635 3318 ita
655 3261 764 3319 tamen
785 3259 822 3317 ut
845 3256 913 3319 ulla
932 3256 981 3319 rei
1002 3253 1148 3319 metricae
1169 3254 1295 3317 ratione
1319 3253 1394 3335 cogi
1416 3254 1470 3316 vel
1593 3263 1597 3271 '

198 3338 439 3420 evinci‘possit,
459 3340 594 3404 merem
608 3340 770 3423 syllabam
792 3340 827 3402 in
842 3340 993 3424 spiritum
1008 3345 1065 3403 aut
1077 3340 1238 3422 liquidam
1253 3337 1469 3414 desinentem,

197 3427 234 3485 ut
248 3428 316 3499 0N,
339 3429 402 3502 ΔΡ,
427 3427 491 3501 ΟΣ,
506 3428 580 3502 loc,
596 3426 640 3488 ob
655 3425 686 3485 F
696 3426 934 3507 subsequutum
948 3425 1136 3488 necessario
1151 3423 1291 3508 produci
1305 3422 1470 3487 debuisse.

200 3504 375 3591 Ejusmodi
396 3507 534 3587 idcirco,
557 3510 688 3573 etiamsi
703 3514 772 3573 tam
785 3528 896 3592 pauca
912 3528 953 3573 ac
967 3528 1042 3580 rara
1067 3510 1099 3573 in
1116 3508 1315 3583 HomericiS,
1338 3510 1377 3571 ut
1395 3506 1471 3589 jure

199 3593 447 3676 suspicionibus
469 3595 617 3659 obnoxia
630 3594 833 3670 haberentur,
861 3598 1019 3658 attentare
1039 3600 1096 3658 aut
1109 3612 1231 3657 vexare
1252 3593 1332 3657 miri
1355 3592 1471 3673 religio

201 3677 254 3741 sit.
300 3676 468 3742 Pindarus
498 3683 617 3755 autem,
647 3680 707 3760 qui
736 3679 901 3759 digamma
929 3678 1121 3743 adhibuisse
1147 3678 1287 3756 videtur,
1308 3697 1375 3741 non
1403 3697 1473 3761 qua

200 3763 386 3842 rationein
414 3762 618 3840 Homericis,
642 3762 701 3825 sed
731 3783 798 3846 qua
822 3765 858 3827 iu
884 3764 1006 3829 tabulis
1036 3762 1317 3827 Heracleensibus
1348 3762 1472 3829 Dorice

201 3848 333 3929 scriptis
346 3855 538 3931 usurpatum
552 3854 615 3923 est,
642 3847 806 3931 syllabam
818 3849 962 3925 brevem,
986 3850 1081 3934 quus
1096 3847 1207 3929 littera
1221 3848 1329 3912 finalis
1344 3849 1473 3933 liquida

201 3930 253 3993 nel
281 3933 418 4015 spiritus
440 3938 503 4008 est,
527 3937 601 3996 ante
625 3933 776 4014 spiritum
799 3934 892 3996 illuni
916 3935 1068 3998 vocalem
1088 3952 1253 4018 nusquam
1269 3934 1474 4017 'productam

199 4012 322 4095 babet3
345 4020 500 4099 quamvis
514 4018 605 4081 elisae
616 4036 681 4080 seu
697 4024 878 4100 amputatae
892 4020 1021 4082 vocalis
1035 4022 1069 4083 in
1084 4019 1247 4083 e'nsmodi
1262 4018 1345 4081 locis
1359 4036 1471 4081 exem-

200 4098 259 4181 pla
270 4120 443 4185 perpauca
458 4103 535 4179 sint,
558 4109 591 4164 et
613 4103 861 4184 suspicionibus
885 4103 1045 4169 obnoxia.
1090 4042 1286 4170 tionstantia
1310 4110 1419 4167 tamen
1438 4105 1473 4169 iu

201 4182 264 4246 bac
274 4204 314 4261 ,re
329 4206 350 4249 a
363 4191 475 4269 poeta,
497 4188 555 4269 qui
570 4187 702 4250 diversa
712 4189 860 4251 carmina
874 4187 1015 4253 diversis
1029 4191 1181 4274 patronis
1196 4190 1325 4253 diverse
1338 4190 1474 4273 loqueu*

202 4268 292 4331 tibus
306 4271 488 4353 scripserit,
510 4272 599 4335 band
613 4272 822 4354 expectanda
834 4279 908 4355 ost;
931 4275 1003 4351 etsi,
1019 4294 1086 4339 non
1106 4275 1205 4339 ¹facile
1220 4274 1354 4339 credam
1368 4274 1474 4355 diver-

203 4371 260 4432 sos
279 4374 356 4417 eum
381 4355 549 4421 scribendi
573 4356 693 4421 modos
707 4359 742 4421 in
765 4358 1052 4425 eodem‘carmine
1076 4362 1141 4425 sibi
1162 4360 1375 4443 permisisse:
1397 4374 1476 4421 nam
1501 4358 1506 4371 ‘

204 4434 396 4503 Homericae
423 4442 593 4505 verborum
608 4442 735 4522 formae,
758 4461 843 4526 quas
869 4446 1143 4510 contractioribus
1169 4446 1221 4509 sui
1243 4442 1351 4527 ipsius
1370 4442 1476 4507 seculi

189 4522 325 4607 {ubique
340 4525 532 4604 immiscuit,
553 4547 614 4611 pro
630 4530 770 4611 poeticis
789 4536 868 4593 trrnc
881 4529 1096 4608 habebantur,
1122 4529 1309 4615 etapoetis
1323 4527 1476 4593 omnibus
1588 4548 1594 4557 ’

191 4611 270 4669 'um
283 4605 397 4693 lyricis
411 4632 512 4700 quam
526 4613 643 4694 epicis,
666 4618 704 4676 ut
727 4614 780 4677 sui
800 4615 899 4697 juris,
922 4616 1186 4698 usurpabantur3
1208 4631 1274 4676 non
1289 4632 1331 4677 ea
1345 4614 1477 4699 quidem

203 4688 349 4771 licentia,
386 4716 454 4783 qua
480 4704 600 4781 postea
626 4696 845 4763 Alexandrini
871 4700 926 4763 nsi
963 4704 1057 4765 sunt:
1089 4718 1167 4763 nam
1195 4696 1361 4767 Pindarus
1397 4700 1477 4765 licet

202 4774 411 4842 ’AFEOAON
432 4788 467 4846 et
484 4780 651 4861 ἈΘΛοΝ,
672 4782 812 4849 ’aum
839 4788 873 4848 et
894 4785 984 4847 ‘Ara
1019 4786 1218 4867 promiscue,
1241 4790 1339 4871 prout
1366 4784 1474 4867 magis

201 5065 493 5193 nmioismm
504 5070 578 5128 urbis
591 5087 702 5141 nomen,
716 5071 789 5146 qrrod
802 5070 877 5143 prius
888 5090 957 5129 nrro
970 5070 1029 5145 luit,
1046 5084 1141 5147 postea
1158 5092 1225 5129 vrso
1246 5072 1376 5143 scriptum
1395 5079 1436 5125 ost
1449 5070 1477 5121 in
