3825 5975
713 385 763 460 In
779 382 996 476 Honorum..
1258 405 1261 412 '
1416 395 1485 466 105

204 557 440 648 est;·syllaba,
456 579 532 644 qoae
544 559 672 633 litturae,
686 577 809 625 nomen
819 558 894 636 fuit,
908 559 1018 642 ipeim
1038 555 1156 624 litteroe
1169 556 1281 632 locum
1294 559 1485 644 ohtirtsrote:

248 669 279 712 aa
294 648 383 711 euim
397 647 439 711 dc
454 645 809 729 assumpseram
821 666 867 710 ex
880 663 961 710 arca
976 643 1111 711 Noeehi
1124 643 1285 728 profecto,
1296 651 1397 730 atque
1406 649 1482 716 iude

225 733 428 810 eromineto,
441 731 464 796 J
467 733 597 799 acohus
602 733 734 818 ‘Bryant
745 733 827 796 ouili
840 731 1025 798 eruditione
1038 735 1240 796 commentus
1251 731 1306 808 sit,
1317 732 1482 817 ejusmodi

202 818 344 902 meniis
370 818 586 902 relinquenda
614 825 700 883 munt.
756 817 836 883 Nou
864 819 931 882 elia
954 818 1079 882 ratione
1106 821 1365 885 ΑΙΣΚΔΛΠΙΟΣ
1391 821 1481 904 opud

197 904 347 970 laeuos
358 902 689 973 AESCULAPIUS
704 904 830 972 fuctum
839 909 900 968 est.
1043 927 1053 940 ·
1282 957 1285 964 .

133 1065 142 1076 ⁶
243 1006 408 1056 ccxxiv.
430 990 490 1054 Sic
504 991 541 1054 in
554 992 631 1058 aliis
643 992 843 1061 recentiores
856 991 981 1054 litteras
1002 988 1223 1066 redundantes
1248 989 1480 1074 inculccbeirt3

202 1083 235 1141 et
253 1077 443 1158 ubicumque
464 1075 595 1161 syllaba
617 1097 637 1140 e
656 1083 737 1142 tono
758 1082 794 1140 et
817 1078 943 1160 impetu
955 1073 1206 1159 pronunciandi
1230 1075 1478 1158 produceretur,

201 1180 289 1239 esm,
351 1164 477 1226 minata
499 1159 741 1241 consona'eut
753 1162 877 1226 inserto
903 1161 1271 1241 rve115serilrebeut3
1294 1161 1381 1227 uude
1407 1171 1479 1232 orte

201 1255 277 1314 sunt
356 1273 377 1323 ι,
401 1244 513 1327 irrue,
536 1245 629 1334 οὔρεα,
651 1244 802 1336 erilem,
824 1245 940 1326 ποῦλυς,
963 1243 1062 1332 εἴαρος,
1090 1250 1171 1326 &c.;
1208 1267 1284 1329 quse
1312 1267 1476 1334 nusqrram

127 1381 134 1394 .
201 1339 390 1410 occurrunt,
403 1333 469 1397 nisi
479 1335 539 1398 uhi
551 1333 682 1417 syllaba
695 1335 785 1418 prior
799 1337 939 1418 priorem
955 1334 992 1397 in
1006 1331 1090 1416 pede
1104 1332 1214 1396 locum
1228 1333 1363 1421 obtinet,
1378 1335 1428 1400 its
1441 1343 1477 1402 ut

201 1423 314 1483 etone
337 1419 547 1502 produeeudu
561 1423 625 1498 sit;
639 1439 741 1502 quare
763 1439 870 1504 neque
897 1415 974 1504 οὖρος
988 1439 1084 1496 mour,
1110 1435 1216 1501 neque
1230 1415 1290 1503 dap
1305 1439 1370 1500 cer,
1394 1441 1476 1490 mu

197 1510 290 1568 recto
304 1523 447 1586 usquam
460 1506 493 1568 iu
510 1505 702 1573 Homericis
714 1512 914 1588 usurpatur;
935 1523 1042 1588 quum·
1051 1505 1085 1570 iu
1098 1504 1156 1568 illo
1165 1507 1289 1568 “OPOS
1301 1510 1335 1570 et
1357 1507 1474 1588 Fure,

197 1591 548 1673 prioribuscorreptis,
563 1609 635 1656 esse
648 1590 842 1656 debuerint.¹
866 1589 937 1655 Sub
950 1591 1051 1654 tinem
1064 1589 1202 1660 secrmdi
1215 1595 1294 1672 post
1308 1589 1474 1658 Christum

197 1679 310 1739 netum
323 1677 439 1752 seculi,
455 1677 552 1740 bouis
565 1677 693 1740 artibus
706 1695 746 1739 uc
759 1677 874 1740 litteris
894 1678 967 1760 jam
981 1675 1218 1752 deficientibus,
1231 1673 1473 1760 diphthongum

200 1767 248 1824 ill
257 1781 321 1845 pro
335 1761 464 1842 llongo
489 1762 614 1844 ubique
637 1761 794 1827 adhihere
817 1764 917 1834 moris
942 1767 1022 1844 erat,
1043 1761 1190 1842 neglectu
1215 1763 1306 1826 omni
1327 1768 1474 1831 veterum

198 1848 393 1912 emtoritme
404 1854 437 1910 et
449 1847 575 1911 ratione
593 1849 816 1929 grammatica,
838 1849 887 1912 ita
900 1853 939 1912 ut
951 1850 1179 1924 ΠΟΑΕΙΤΗΣ,
1201 1853 1350 1924 Nllllill,
1365 1857 1473 1928 Mil,

197 1933 258 1995 lte.
274 1937 463 1997 constanter
476 1933 668 1998 scriberent.
710 1931 798 2010 Nos,
825 1935 860 1996 in
875 1934 1057 2014 originibus
1081 1938 1115 1996 et
1128 1932 1269 1996 vocibus
1292 1935 1472 2017 primariis,

199 2019 428 2082 auctoritatem
455 2023 613 2096 veterum,
643 2022 805 2102 quatenus
833 2020 1041 2096 innotuisset,
1069 2017 1222 2098 religiose
1250 2019 1402 2101 sequuti;
1438 2022 1473 2085 in
1561 2093 1568 2110 Ι

197 2102 364 2181 derivatis,
385 2103 507 2167 rationi
529 2103 754 2185 grammaticae
776 2103 911 2187 perinde
934 2102 1227 2187 obtemperandum
1248 2122 1322 2168 csse
1345 2107 1472 2172 censui-

196 2187 291 2268 mus,
313 2208 386 2252 eam
414 2189 502 2252 enim
526 2189 565 2254 in
593 2188 786 2254 Homericis
813 2191 899 2280 rutio
925 2188 1062 2254 mehice
1086 2187 1211 2271 ubique
1239 2187 1414 2256 confirmet
1439 2198 1474 2257 et
1581 2273 1588 2288 ἢ

238 2375 385 2423 ccxxv.
429 2358 503 2424 Etsi
516 2376 632 2424 versus
654 2359 864 2426 autitlretieus
886 2359 920 2423 in
944 2359 1090 2443 strophis
1113 2358 1376 2441 etantistrophis
1391 2357 1470 2426 Pin·

196 2440 265 2508 drri
278 2463 381 2527 supra
394 2465 422 2508 s.
438 2445 508 2509 cri.
523 2446 558 2508 'm
570 2445 791 2509 testimouium
805 2444 945 2522 adduxi,
959 2465 1013 2510 me
1028 2451 1135 2513 tamen
1146 2443 1250 2508 fateor
1263 2461 1324 2527 pro
1343 2443 1470 2520 lubrico

194 2548 327 2611 prorsus
344 2535 381 2594 et
392 2530 518 2596 incerto
530 2530 649 2594 hahere
664 2529 831 2614 quidquid
852 2530 894 2594 de
918 2549 1074 2596 mensura
1092 2530 1296 2614 syllabarum
1309 2549 1328 2593 c
1341 2532 1471 2608 ratione

195 2615 343 2692 metrica,
356 2621 431 2698 'qua
445 2615 497 2679 vel
515 2615 571 2679 ille
583 2615 638 2680 uel
661 2616 781 2698 tragici
803 2617 841 2679 iu
863 2617 1001 2680 canticis
1023 2618 1075 2681 usi
1102 2621 1189 2692 sunt,
1213 2614 1326 2702 colligi
1340 2617 1468 2699 possit:
1554 2659 1557 2664 ·

195 2717 271 2764 nem
283 2719 363 2783 quae
378 2701 422 2764 sit
435 2704 572 2766 ceretio
586 2701 666 2765 mihi
689 2701 861 2782 diligenter
881 2703 1082 2785 perquirenti
1102 2699 1254 2765 nondum
1269 2703 1470 2784 comperisse
1558 2705 1572 2714 “

195 2787 355 2868 oontigit;
376 2805 485 2870 mque
512 2788 577 2850 viri
604 2788 736 2870 ingenio
765 2794 798 2850 et
820 2787 972 2854 doctriua
995 2789 1151 2870 insignes,
1175 2786 1235 2868 qui
1262 2784 1327 2852 hoc
1355 2794 1469 2866 nostro

194 2872 309 2936 seule
323 2891 398 2936 eam
411 2871 666 2955 expediendam,
680 2872 926 2956 explicandam,
939 2879 974 2936 et
986 2871 1233 2936 monstrandam
1241 2879 1469 2954 susceperuut,

194 2957 284 3023 uliud
298 2973 400 3041 quam
420 2963 555 3042 quantoe
570 2958 637 3023 sint
650 2958 807 3035 tmebrae,
830 2959 950 3041 quihus
963 2957 1125 3043 ejusmodi
1147 2953 1260 3021 shrdia
1273 2955 1425 3025 involuta
1436 2965 1470 3025 et

193 3043 355 3128 impedite
367 3046 444 3121 siut,
467 3044 657 3109 ostendisse
671 3042 831 3107 vidntur.
876 3041 1034 3109 Carmine
1054 3064 1097 3109 ee
1110 3062 1187 3126 quae
1210 3048 1306 3105 cautu
1320 3043 1469 3124 quodam

193 3130 418 3212 crqrrisitiore‚
443 3131 540 3194 vocis
553 3130 648 3193 veria
661 3138 696 3194 et
707 3128 841 3193 diverse
854 3130 1005 3195 flectione
1019 3136 1054 3195 et
1065 3128 1289 3193 modulatione
1304 3128 1468 3210 producto

192 3212 442 3300 emanuele
456 3216 589 3280 recitari
604 3215 770 3291 solebant,
784 3215 864 3278 dum
877 3218 1066 3281 continuato
1079 3215 1371 3279 instrumentorum
1383 3232 1467 3281 amo

194 3300 537 3384 teuorpronuuoiundi
556 3299 732 3378 fulciretur,
758 3306 792 3365 et
805 3302 891 3365 ultro
912 3320 1119 3365 communem
1145 3299 1305 3365 sermonis
1320 3308 1467 3377 usumet

133 3452 137 3460 ,
193 3386 465 3451 consuetudinem
483 3385 692 3469 proferretur,
713 3388 870 3463 numeris,
885 3392 943 3451 eut
956 3386 1028 3468 lege
1043 3386 1173 3462 solutis,
1196 3390 1254 3453 aut
1266 3385 1334 3467 legi
1349 3384 1467 3452 saltem

192 3472 298 3535 miuus
321 3490 446 3537 severae
459 3471 632 3555 subjectis,
647 3472 835 3554 composite
848 3471 1081 3549 esse,.credere
1095 3472 1192 3550 licet;
1217 3472 1265 3539 ns
1278 3476 1314 3534 nt
1326 3470 1466 3553 syllabae

192 3556 333 3657 qlleh'm
347 3563 382 3620 et
393 3556 497 3640 pedes
519 3556 663 3639 pedihus
677 3557 713 3619 in
732 3556 879 3639 strophis
891 3564 927 3622 et
948 3555 1157 3639 auhstrophis
1179 3573 1246 3619 uon
1264 3574 1383 3620 omnes
1395 3576 1466 3627 om-

191 3642 287 3707 nbus
301 3643 446 3707 invicem
459 3641 703 3725 responderent,
728 3643 859 3706 mmetsi
873 3660 1026 3707 memma
1039 3641 1196 3726 quaedem
1214 3642 1361 3724 utrisque
1374 3660 1465 3709 com-

189 3730 297 3793 umis
334 3734 528 3812 comparata
555 3732 656 3804 esset,
693 3746 760 3809 (pra
788 3727 928 3810 singulm
957 3728 1096 3810 siugulis
1124 3730 1203 3791 totae
1238 3727 1462 3807 convenirent,

191 3812 346 3961 geruum
362 3820 475 3895 partes
488 3814 722 3895 discreparent.
767 3812 1008 3878 Demostherms
1023 3814 1120 3896 plane
1128 3812 1301 3893 distinguit
1312 3810 1465 3897 ὶμμέτρους

246 3898 389 3983 ᾀδομένων
399 3898 507 3982 poetis
522 3901 554 3981 3²
575 3916 636 3962 ees
648 3898 778 3962 seilicet
791 3900 850 3981 qui
863 3918 980 3963 versus
990 3898 1083 3981 justa
1096 3897 1463 3983 symmemedefiuitos,
1554 3928 1556 3933 ’

190 3988 223 4046 et
239 3986 337 4068 justo
363 3984 478 4048 ordine
503 3984 711 4059 distributos,
734 3985 851 4066 quales
873 3990 950 4051 eunt
974 3984 1125 4060 Homeri,
1146 3980 1267 4061 Alerei,
1292 3981 1464 4067 Supphhs,

190 4068 249 4133 hu.
264 4070 310 4133 eh
326 4069 369 4132 iis
382 4071 440 4152 qui
463 4072 605 4146 cantica,
629 4069 744 4150 qualia
766 4076 843 4135 sunt
867 4070 1006 4134 Pindari
1028 4071 1285 4151 ettrugicorm
1309 4069 1464 4137 liberiore
1483 4084 1495 4099 ·

141 4160 154 4180 ⁹
190 4153 310 4235 spiritu
333 4160 369 4218 et
382 4174 482 4218 cursu
505 4155 762 4237 componebant,
784 4161 883 4238 atque
901 4156 965 4219 arti
987 4157 1096 4221 nunus
1120 4172 1243 4220 severae
1268 4155 1414 4227 tibicinis
1430 4162 1464 4221 et

189 4237 364 4302 eitheroedi
385 4240 565 4323 plurimum
575 4238 810 4323 indulgebant.³
832 4240 1132 4307 Grammaticorum
1156 4248 1267 4304 autem
1285 4241 1463 4327 sapientia,

187 4325 278 4387 omni
300 4324 466 4407 qmmodi
491 4325 703 4407 indulgentiae
717 4331 750 4389 et
774 4326 919 4391 licentiae
941 4344 1073 4409 semper
1096 4324 1337 4402 inimicissima,
1350 4326 1398 4402 im
1419 4327 1463 4391 iis

188 4409 391 4491 corrigendis
404 4416 438 4474 et
451 4410 680 4489 reformandis,
705 4412 797 4475 etad
820 4412 967 4496 regulam
981 4410 1150 4495 quendam
1163 4418 1358 4477 etuormem
1381 4410 1463 4477 attis
1486 4430 1488 4438 ·

189 4492 383 4577 redigendis,
411 4496 542 4561 medem
568 4494 717 4562 adhibite
740 4503 814 4578 eet3
833 4498 947 4563 multis
968 4505 1188 4581 uempepost
1212 4490 1348 4571 seculis,
1373 4497 1463 4563 omui

221 4740 231 4767 ¹
249 4738 416 4807 Apollonios
433 4740 594 4797 Rhodineiu
604 4742 778 4797 limatiesimo
788 4760 870 4812 opere
880 4744 949 4796 llud
959 4742 985 4791 οὒ
995 4742 1078 4797 «dm
1089 4743 1141 4809 sep,
1156 4739 1208 4795 &¹2
1219 4740 1338 4810 misit,
1356 4757 1416 4817 qhae
1435 4744 1464 4801 in

188 4804 341 4863 Homericis
353 4811 427 4865 nulle
439 4811 522 4867 modo
533 4813 622 4867 locoru
636 4814 736 4867 hebere
747 4815 909 4881 potuis-ent.
944 4818 1010 4883 Arg.
1025 4818 1081 4867 too.
1091 4827 1119 4863 Δ.
1131 4810 1173 4866 ed.
1185 4812 1305 4867 Brunck.

216 4873 230 4902 ⁸
241 4878 319 4926 'narr
331 4881 369 4928 sul
387 4882 437 4939 τοὺς
453 4884 581 4948 Ιμμίτρους
595 4886 632 4932 sel
644 4884 687 4931 riu
699 4882 810 4948 ᾀδομένων
820 4885 921 4948 ποιητὸς,
935 4886 974 4931 nel
994 4882 1089 4938 πολλοὺς
1109 4880 1149 4931 rrir
1167 4885 1312 4950 συγγραφῶν
1331 4884 1417 4940 destris
1433 4885 1465 4933 τὸ

187 4938 461 5060 Ηηῖεμτῆμὺὡ
504 4950 582 5005 werric
592 4948 735 5001 πεποιῆσθαι.
766 4950 876 5012 ’eramo
1255 4972 1256 4975 =
1385 4972 1388 4979 ·
1461 4964 1466 4969 ·

214 5006 281 5059 'Vr
300 5011 454 5065 estiensi
484 5031 529 5065 .r.
541 5030 565 5067 c.
578 5014 656 5066 luris.
678 5014 720 5067 ed.
740 5013 892 5084 Schweigh.
912 5014 1003 5068 locum
1024 5012 1170 5067 obscurum
1192 5028 1258 5067 sene
1278 5020 1306 5067 et
1324 5006 1465 5084 intellectu

186 5068 341 5141 ‹hffieilem
359 5095 442 5152 equo
460 5092 553 5136 temen
565 5081 691 5154 colligere
712 5081 775 5137 lieet
793 5095 928 5158 quantum
940 5100 973 5138 ex
991 5092 1049 5139 erte
1060 5082 1208 5138 citharista
1227 5079 1465 5149 mucronum?

184 5139 339 5304 distrihiritio
349 5148 518 5207 ceutieomm
530 5150 560 5205 iu
571 5152 707 5224 strophas,
716 5151 911 5227 eutiehophee,
921 5164 951 5211 et
962 5153 1062 5229 epodas
1072 5151 1247 5225 dependeret.

308 5263 370 5310 om.
1306 5245 1338 5309 0
