3825 5975
642 824 789 896 ΝΟΜ
810 824 868 895 ΙΝ
890 823 951 893 IL.
975 828 1013 893 Σ.

191 942 227 1069 1⁹.
250 1000 434 1067 Exordium
447 1002 523 1088 pari
536 1002 680 1069 consilio
693 1000 916 1088 praepositum
928 1000 1018 1067 libro
1029 1021 1039 1085 3
1061 1002 1100 1068 ut
1117 1000 1318 1088 jampridem
1339 984 1466 1075 monuit

237 1088 294 1153 He
362 1136 370 1153 .

189 1174 285 1241 ala.
294 1087 478 1241 ypesefime
491 1176 659 1261 rhapsodo
672 1175 729 1242 vel
743 1174 958 1257 grammatico
973 1174 1186 1259 interpositos
1208 1192 1294 1254 csse,
1309 1175 1399 1243 idem
1413 1181 1465 1245 r'ir

236 1260 356 1325 doctus
379 1282 448 1345 quo
472 1283 516 1328 ue
538 1266 660 1328 sensit:
688 1260 842 1327 Achilles
867 1262 954 1325 enim
979 1262 1064 1325 intra
1085 1261 1260 1327 tentorium
1284 1261 1328 1326 ad
1351 1262 1465 1331 focum

235 1346 374 1411 sedebat
402 1284 486 1432 243,
500 1350 551 1414 ita
563 1357 604 1416 nt
615 1348 759 1415 Graecos
772 1350 954 1430 ατυζομενους
967 1348 1066 1411 rdiam
1080 1346 1195 1413 ridere
1208 1367 1273 1413 nou
1282 1352 1416 1433 posset3
1431 1359 1467 1415 et

235 1452 257 1497 e
271 1452 342 1517 prm
405 1438 539 1501 entibus
551 1444 585 1501 et
598 1436 813 1521 sequentibus
826 1436 962 1519 perinde
976 1440 1103 1500 constat
1117 1454 1192 1501 oum
1207 1434 1248 1498 de
1261 1453 1325 1498 sua
1338 1440 1466 1501 tantum

236 1528 341 1585 morte
354 1540 376 1585 a
387 1528 490 1586 matre
506 1524 739 1607 praemouitum
754 1540 855 1601 esse3
876 1538 985 1606 neque
999 1522 1155 1586 notitiam
1169 1520 1225 1585 rel
1240 1520 1466 1605 suspicionem

235 1604 340 1670 ullam
354 1607 390 1670 in
403 1610 514 1675 muno
527 1608 699 1688 habuisse,
714 1606 911 1673 Patroclum
928 1627 965 1674 sc
980 1608 1060 1674 rirn
1072 1607 1278 1672 moriturum.
1323 1604 1467 1675 Minoris

235 1700 288 1755 est
303 1697 459 1759 momenti
479 1696 569 1780 quod
589 1694 777 1779 rhapsodus
798 1695 1018 1779 interpolator
1038 1694 1163 1758 oblitus
1189 1692 1234 1757 sit
1259 1690 1465 1773 Patroclum,

236 1776 383 1843 Iocrnm
403 1799 449 1844 ex
472 1780 619 1867 Opunte,
638 1801 703 1847 nnn
726 1780 966 1866 Myrmidonem
989 1780 1116 1845 luisse:
1138 1797 1244 1863 neque
1270 1780 1389 1843 mirum
1412 1788 1469 1845 est

236 1861 406 1929 Achillem
419 1867 452 1930 ei
465 1868 546 1932 foris
560 1868 689 1933 sedisse
700 1869 809 1933 visum
823 1886 912 1948 esse,
924 1886 1027 1953 quum
1035 1873 1156 1951 postea
1169 1866 1259 1947 tpoau
1269 1901 1311 1913 -
1320 1889 1350 1927 εκ
1367 1866 1467 1952 lopati

216 1951 354 2038 *ripario
368 1954 444 2035 apo·
454 1961 573 2039 Αχιληα
586 1952 753 2043 (28-80.):
776 1954 941 2039 ejusmodi
956 1954 1045 2029 enim
1065 1952 1218 2029 hominis,
1233 1970 1362 2016 morum
1382 1954 1467 2017 anti·

236 2054 389 2187 atat
404 2041 762 2192 ‘'illisilifi’wni„
778 2040 1248 2194 ‘utilitatibus
1262 2038 1468 2189 illitam

190 2204 308 2274 asta.
331 2148 810 2298 Bx’intempestivaprbgpsddi
832 2212 992 2279 facundia
1012 2212 1169 2297 profecti,
1193 2228 1214 2276 a
1238 2208 1412 2276 Zenodoto
1434 2215 1469 2277 at

237 2294 312 2360 aliis
327 2300 551 2376 grammaticis
566 2300 712 2385 antiquis
727 2300 807 2364 olim
821 2298 969 2364 damnati
988 2306 1085 2379 sunt3
1110 2316 1219 2383 neque
1233 2297 1268 2360 in
1282 2296 1469 2381 examplari

236 2379 394 2463 Argolico
410 2384 611 2468 legebantur.
656 2386 816 2469 Virgilius
835 2386 1062 2463 nibilominus,
1083 2382 1281 2449 Graecorum
1298 2383 1468 2447 nominmn

235 2468 693 2622 gaptuaelcedinegssfflet
705 2471 776 2536 alia
788 2472 1063 2557 psendbomerica
1074 2472 1110 2535 in
1125 2469 1276 2535 carmina
1287 2464 1470 2533 transtullt.

215 2568 221 2577 ·
269 2572 284 2616 1
455 2576 524 2622 ‚ru
667 2606 675 2622 .
1282 2584 1287 2597 ·
1351 2580 1355 2587 ·
1419 2563 1422 2571 ’

191 2634 306 2703 Md.
323 2576 475 2707 Redolregre
484 2640 564 2704 muli
577 2640 713 2703 sedulum
725 2638 873 2725 rdupmdi
885 2662 1009 2722 operum
1023 2636 1233 2703 indilatabile
1245 2634 1469 2716 materiariam,

237 2724 327 2789 reeta
340 2726 628 2812 monuit-'Heynb3
649 2733 694 2804 et,
710 2728 798 2809 qnod
811 2728 864 2790 vir
877 2726 1090 2789 doctissimus
1108 2744 1176 2789 non
1194 2724 1399 2803 observarit,
1413 2728 1470 2799 otor

237 2810 347 2893 priore
360 2812 454 2875 brari
468 2812 733 2896 interpolatorem
747 2812 849 2895 plani
862 2810 986 2895 prodit.

195 2896 307 2965 18⁵6.
322 2914 342 2960 e
357 2896 433 2962 168.
448 2916 471 2961 a
483 2898 649 2983 rhapsodo
663 2896 807 2962 conficti.
831 2898 884 2959 ool·
897 2896 944 2959 ωδ*
961 2893 1176 2960 Homericum
1190 2912 1264 2958 esse
1280 2894 1406 2979 nequit.

195 2981 309 3051 ΗΜ.
331 2982 364 3050 Α
379 2982 544 3070 rhapsodo
558 2984 660 3051 otiam
674 2989 802 3048 assutos
816 3003 891 3048 essa
904 3002 1014 3060 nemo,
1030 2982 1089 3066 qui
1098 2980 1219 3047 attenta
1233 2980 1359 3064 legerit,
1375 2978 1472 3048 dubi-

237 3069 324 3134 tabit
335 3091 433 3136 :nam
448 3078 613 3136 structura
621 3075 700 3154 ipsa
710 3071 880 3135 sententiae
895 3094 944 3132 rm
960 3070 1029 3144 οιδα,
1038 3091 1086 3130 τευ
1100 3091 1145 3147 αν,
1156 3069 1217 3132 dte.
1230 3067 1273 3130 ab
1289 3065 1472 3133 Homerica

239 3155 407 3238 elegantia
425 3159 535 3222 aliena
548 3163 619 3243 est3
642 3165 677 3222 ot
691 3155 807 3242 ajacis
828 3157 982 3235 tentoria,
1002 3155 1060 3218 ubi
1083 3171 1175 3218 arma
1197 3153 1269 3236 ejus
1290 3170 1470 3220 conserva·

239 3241 375 3323 bantur,
394 3245 438 3308 ad
463 3245 600 3308 alteram
623 3249 807 3308 castrorum
827 3243 1077 3306 extremitatem
1099 3239 1211 3324 posita
1231 3246 1343 3320 erant;
1364 3241 1413 3304 lta
1431 3245 1472 3306 ut
1599 3248 1602 3258 “

239 3327 331 3394 nulla
345 3330 509 3412 probabili
521 3333 647 3396 ratione
664 3328 813 3394 Achilles
835 3330 870 3393 in
892 3348 973 3392 casu
987 3334 1056 3392 tam
1069 3326 1181 3390 subito
1195 3330 1228 3389 et
1246 3325 1413 3412 praecipiti
1427 3325 1472 3392 da

239 3412 284 3477 iis
298 3416 504 3481 accersendis
528 3416 671 3499 cogitare
693 3420 819 3500 posset.
864 3413 1070 3499 Rhapsodns
1094 3418 1214 3490 autem,
1237 3411 1296 3494 qui
1320 3411 1470 3494 singulas

239 3498 447 3584 rhapsodias,
469 3523 535 3567 non
549 3507 657 3567 totum
676 3520 811 3566 carmen
831 3501 991 3564 memoria
1012 3499 1161 3576 tenebat,
1176 3497 1260 3562 situs
1274 3503 1470 3577 castrorum,

220 3589 278 3648 ct
292 3587 554 3737 pninscujnsqne
572 3589 734 3674 principis
756 3588 926 3672 propriam
950 3589 986 3651 in
1007 3587 1050 3650 iis
1073 3585 1258 3661 stationem,
1276 3600 1344 3647 uon
1365 3583 1471 3670 respi-

241 3669 293 3734 cie
318 3679 363 3737 at.

197 3755 311 3823 200-1.
334 3757 458 3824 Putida
472 3766 657 3826 commenta
670 3762 787 3826 itcmm
799 3759 986 3842 iterumque
1002 3755 1113 3822 otiosd
1128 3755 1280 3841 repetita.
1410 3773 1415 3788 ·

197 3841 276 3912 207.
298 3841 523 3925 Aristarchus,
538 3847 682 3912 offensus
701 3847 795 3911 fumo
809 3847 867 3930 qui
887 3845 1052 3909 flammam
1072 3864 1093 3907 a
1117 3841 1273 3907 Minerva
1294 3857 1470 3908 accensam

220 3932 373 4016 ¹excipit
390 3936 425 3996 iu
445 3935 704 4017 comparatione,
713 3933 840 3998 temere
854 3949 987 3995 versum
1001 3929 1143 3995 mutavit
1155 3931 1190 3992 in
1205 3930 1241 4002 ὥς
1255 3926 1279 3990 l'
1294 3931 1340 3990 ir·
1354 3949 1408 4014 sup
1425 3953 1470 3990 ω

241 4041 338 4082 τουτον
352 4044 499 4109 αςιπρεπς
519 4019 602 4105 mlip'
617 4025 722 4097 inurat,
741 4037 809 4084 non
824 4020 1003 4083 observata
1016 4018 1105 4081 nube
1120 4014 1262 4080 Achillis
1281 4015 1386 4100 capili
1408 4013 1473 4080 clr-

205 4157 213 4172 .
242 4104 404 4184 cumiusa,
420 4125 521 4189 equa
534 4105 670 4194 damma
683 4106 929 4190 prorumpebat.
962 4103 1190 4199 'Comparatio
1215 4107 1325 4166 antem
1346 4105 1470 4166 uuam-

199 4193 643 4363 mpueappmpgppeeptaffis
664 4279 750 4343 locis
771 4277 908 4362 paribus
928 4273 1093 4357 adscivit3
1115 4273 1205 4339 recta
1225 4267 1470 4357 proculdubio:

243 4379 321 4424 nam
336 4365 498 4428 secundus
512 4383 612 4430 casus
631 4366 776 4431 nominis
791 4363 846 4428 dei
861 4362 995 4441 Martis,
1011 4363 1068 4446 qni
1089 4361 1124 4424 in
1145 4359 1239 4424 libris
1255 4356 1409 4422 omnibns
1422 4355 1472 4421 le·

245 4447 447 4528 gitur,versn
458 4457 547 4514 stare
558 4455 669 4536 nequit
677 4451 860 4515 Homerica
870 4447 1115 4514 redditalorma
1125 4445 1232 4531 apula.
1256 4441 1470 4532 Aristarchus

244 4541 281 4598 et
291 4534 357 4613 bic,
369 4543 406 4600 et
420 4554 523 4621 supra
533 4537 608 4618 1⁰0,
622 4546 699 4622 Apso
714 4557 736 4601 a
747 4543 837 4601 recto
849 4544 943 4626 Αμως
955 4536 1121 4613 intulerat,
1132 4550 1199 4618 quo
1211 4530 1335 4595 veteris
1349 4529 1470 4611 lingna

243 4621 411 4685 inscitiam
436 4624 495 4686 vix
524 4625 715 4689 credibilem
740 4623 909 4708 prodidit:
944 4641 1046 4705 quum
1071 4621 1181 4685 omnia
1206 4613 1370 4702 ejusmodi
1398 4613 1472 4679 dia·

243 4703 404 4773 lectorum
419 4710 638 4774 recentiorum
655 4713 731 4792 sint,
745 4711 927 4795 praesertim
942 4707 1080 4788 Atticae,
1096 4706 1187 4773 stab
1203 4701 1385 4769 Homerico
1401 4719 1472 4766 ser·

219 4801 227 4820 ⁴
241 4810 341 4859 mons
355 4795 390 4858 in
403 4795 519 4877 primis
538 4799 655 4862 aliena.

199 4879 276 4947 200.
300 4879 549 4967 Ineptissimum
583 4881 743 4966 rhapsodi
772 4887 1005 4960 commentum,
1035 4875 1256 4944 commissura
1280 4873 1393 4946 hiante
1420 4871 1471 4940 in·

244 4976 380 5033 mrtum.
416 4967 536 5047 Poeta,
561 4970 715 5052 quamvis
739 4989 807 5033 non
832 4970 930 5032 nimis
956 4965 1131 5031 modestus
1153 4964 1190 5028 in
1214 4979 1347 5028 summo
1366 4957 1470 5024 heroe

244 5054 397 5137 augendo
411 5061 446 5119 et
460 5055 621 5135 ornando,
643 5053 835 5121 nominatim
857 5060 892 5120 at
912 5053 1093 5138 sigillatim,
1106 5069 1174 5120 uon
1194 5051 1243 5120 ita
1261 5046 1469 5123 cumulatim,

225 5145 338 5222 ’φωτις
353 5163 485 5228 αριστους
497 5140 529 5207 ei
541 5139 742 5210 occidendos
752 5140 886 5209 tradere
899 5139 996 5208 solet.
1319 5155 1323 5162 '
