3825 5975
452 357 502 427 82
959 348 1212 448 Prolegonrena

450 542 548 589 usum
570 517 749 604 sonipenda
767 517 1004 603 suppeditasse
1014 521 1029 600 ;'
1044 535 1122 582 nam
1143 518 1198 582 isti
1221 535 1324 599 rages,
1347 518 1518 602 esuipso
1527 516 1716 598 Homdoiu}
1744 517 1746 528 '

452 777 615 843 Horatius
630 776 739 850 docet,
1121 809 1127 814 -
1711 819 1716 830 .

389 880 391 883 ·
627 859 795 923 laudibus
809 858 953 940 arguitur
975 859 1045 922 vini
1067 859 1204 920 vinosus
1229 857 1407 938 Homerus,
1563 905 1570 918 ,

357 950 359 953 ’
452 965 520 1012 non
534 946 601 1008 nisi
621 945 783 1026 Odysseae
806 942 955 1008 Homero
973 943 1137 1019 convenit,
1161 945 1217 1025 qui
1233 943 1332 1006 altero
1346 944 1450 1009 minor
1463 949 1533 1009 tam
1547 945 1669 1028 opibus
1683 951 1718 1012 et

452 1031 610 1114 dignitate
631 1048 731 1114 quam
751 1028 893 1110 ingenio,
918 1033 951 1091 et
963 1029 1064 1092 'rebus
1087 1029 1228 1092 carmine
1250 1029 1422 1093 celebratis
1442 1029 1545 1093 luisse
1563 1029 1716 1113 videtur3

452 1123 554 1200 atque
565 1114 642 1179 ideo
651 1121 776 1178 tantum
786 1113 864 1177 vino
876 1114 1018 1196 ciboque
1031 1113 1194 1190 tribuisse,
1208 1119 1240 1176 et
1253 1113 1329 1176 aliis
1340 1113 1502 1198 ejusmodi
1514 1115 1624 1194 rebus,
1638 1134 1716 1200 quar

409 1240 412 1250 ,
451 1219 581 1284 semper
592 1198 738 1264 maxime
749 1197 952 1281 'expetendae
966 1199 1051 1262 visae
1074 1203 1151 1262 sunt
1169 1199 1222 1276 iis,
1246 1199 1368 1280 quibus
1386 1200 1527 1282 experiri
1541 1203 1717 1268 vanitatem

452 1303 565 1351 aarum
588 1285 632 1349 ad
656 1284 949 1347 vitembeatiorem
962 1282 1158 1354 reddendam
1172 1303 1335 1366 nunquam
1353 1283 1457 1348 licuit.
1503 1283 1590 1362 Quae
1608 1290 1717 1351 autem
1763 1295 1769 1304 “

453 1371 698 1437 Hermesianax
711 1370 747 1430 in
761 1369 896 1450 elegeiis
907 1371 921 1399 ²
940 1368 982 1431 de
996 1373 1143 1432 veterum
1156 1374 1324 1450 poetanrm
1339 1369 1504 1432 amoribus
1518 1369 1718 1436 ludibundus

451 1456 560 1532 tinxit,
578 1461 616 1519 ut
629 1472 709 1518 suos
719 1471 831 1517 eorum
845 1453 998 1536 exemplo
1013 1472 1086 1516 com
1127 1453 1251 1531 uberet,
1266 1453 1430 1516 hominem
1443 1453 1545 1518 ullum
1559 1457 1645 1520 serio
1656 1459 1716 1523 'ac-

452 1541 596 1625 cepisse‚
617 1545 724 1622 etpro
737 1557 816 1602 vera
837 1537 976 1602 historia
989 1537 1087 1601 vendi
1174 1587 1185 1615 ,
1210 1540 1271 1602 vix
1285 1539 1439 1621 cuiquam
1450 1539 1608 1604 ‚credibile
1621 1541 1717 1620 seret,

451 1627 516 1690 nisi
528 1624 678 1690 Iacobus
692 1624 817 1708 Bryant
829 1623 879 1687 sic
892 1623 1115 1686 hallucinatus
1130 1623 1241 1688 esset?

498 1726 580 1774 mx.
603 1709 644 1773 In
658 1707 813 1791 Odyssea
825 1706 959 1791 perinde
981 1714 1079 1792 atque
1095 1707 1201 1772 Iliade
1215 1709 1349 1782 δεητικὸς
1362 1714 1394 1772 et
1409 1710 1560 1790 ὲμφατικὸς
1574 1714 1625 1774 est
1646 1715 1717 1776 tau-

452 1794 621 1862 tummodo
638 1794 813 1873 mticulus3
835 1781 1028 1857 nostratidm
1051 1793 1291 1872 Britannorum,
1313 1813 1413 1877 quam
1428 1794 1621 1860 Graecorum
1638 1815 1718 1878 por·

451 1882 617 1956 teriormm
640 1878 825 1943 Atticorum
846 1879 1038 1959 praesertim,
1061 1879 1288 1944 consuetudini
1300 1879 1456 1962 loquendi
1468 1881 1595 1963 aptior3
1617 1886 1719 1964 atque

450 1966 511 2030 ubi
524 1965 619 2029 aliter
631 1970 808 2046 usurpatus
821 1963 876 2040 sit,
890 1981 952 2044 pro
962 1962 1121 2046 rhapsodi
1134 1964 1273 2048 alicujus
1287 1964 1369 2028 foetu
1380 1964 1561 2043 habendus,
1581 1970 1626 2042 et,
1641 1985 1718 2032 cum
1750 1983 1754 1993 ·

453 2051 582 2116 ceteris
593 2047 757 2132 ejusmodi
771 2046 933 2125 sordibus,
948 2047 1039 2113 hand
1055 2055 1241 2114 cunctanter
1249 2048 1454 2132 ejiciendus!
1487 2048 1599 2126 Quum
1609 2056 1719 2115 autam

451 2134 601 2200 carmina
613 2138 721 2215 poetae
735 2151 776 2195 ac
797 2131 953 2214 rhapsodi
968 2139 1094 2196 veteres
1117 2141 1211 2214 gestu
1223 2133 1462 2197 vehementiore
1481 2135 1618 2197 recitare
1632 2136 1720 2200 sole-

452 2223 545 2297 reut3
566 2224 610 2294 et,
625 2217 758 2279 scenico
769 2215 915 2296 quodam
927 2235 1030 2293 more,
1045 2217 1129 2279 iuter
1141 2216 1355 2294 recitandum,
1379 2237 1472 2294 voce,
1486 2217 1590 2293 vultu,
1605 2225 1719 2300 manu,

452 2323 494 2368 ac
508 2303 607 2366 totius
630 2300 779 2382 corporis
800 2303 902 2376 motu,
927 2300 1110 2362 animorum
1133 2300 1269 2364 affectus
1294 2300 1487 2384 exprimere,
1510 2307 1543 2364 et
1551 2302 1722 2385 ‘quidquid

452 2389 603 2453 versibus
630 2387 843 2468 perstringere
862 2384 994 2462 vellent,
1015 2389 1172 2467 tanquam
1193 2403 1338 2469 praeseus
1360 2387 1537 2464 ostendere,
1562 2387 1722 2452 articulus

452 2473 539 2538 baud
566 2473 783 2553 infrequenter
808 2487 851 2531 ea
876 2471 999 2532 ratione
1024 2463 1209 2534 nominibus
1235 2471 1482 2552 praefigebatur3
1504 2489 1611 2553 neque
1639 2471 1720 2553 alia,

452 2559 621 2643 propriam
632 2557 705 2641 ejus
725 2555 793 2618 vim
807 2556 840 2616 in
855 2551 1044 2616 Homericis
1057 2560 1116 2619 aut
1136 2557 1300 2639 percipere
1315 2561 1372 2619 aut
1386 2557 1503 2619 sentire
1515 2555 1723 2638 possumus*

396 2719 401 2725 ¹
453 2641 654 2726 Adiectiria
687 2639 908 2714 nihilominus,
945 2639 1222 2704 substantivorum
1248 2641 1326 2704 loco
1355 2641 1534 2724 usurpatis,
1556 2646 1594 2704 ut
1620 2638 1720 2727 papale,

452 2729 577 2812 γοραῑος,
596 2728 691 2802 ξεῖνος,
712 2729 773 2789 &e
795 2723 954 2807 praefixus
969 2724 1170 2807 pronominis
1184 2727 1289 2789 vicem
1302 2727 1475 2808 explebat3
1497 2744 1604 2809 neque
1618 2745 1720 2792 causa

453 2817 524 2878 erat
537 2832 596 2878 cur
609 2811 822 2875 doctissimus
834 2808 953 2892 Heyne
967 2811 1010 2871 ab
1023 2807 1184 2892 ejusmodi
1197 2810 1339 2874 vocibus
1353 2810 1524 2876 deturbare
1539 2813 1645 2875 vellet.
1716 2825 1720 2862 ἱ

499 2916 558 2963 nx.
573 2895 682 2960 Serior
694 2902 804 2960 nmen
817 2900 851 2958 et
864 2894 1009 2976 uulgaris
1030 2895 1159 2958 articuli
1172 2914 1264 2971 usus,
1289 2915 1476 2978 quanquam
1492 2893 1634 2960 Hesiodi
1649 2913 1720 2960 car·
1748 2927 1753 2932 ·

453 2984 535 3049 mirri
556 2981 690 3066 perinde
714 2984 812 3061 atque
838 2977 1031 3043 Homericis
1054 2979 1198 3059 ignotus,
1221 2981 1304 3043 satis
1323 2981 1476 3062 antiquus
1495 3000 1568 3045 esse
1581 2981 1721 3059 videtur,

427 3080 432 3086 '
454 3074 557 3151 atque
573 3065 768 3150 jamdudum
780 3064 972 3141 invaluisse,
995 3081 1097 3145 quum
1111 3062 1244 3127 Etrusci
1259 3066 1291 3127 et
1304 3064 1425 3142 Latini,
1449 3084 1515 3128 non
1529 3065 1628 3129 modo
1643 3065 1721 3129 deo-

454 3171 526 3216 rum
548 3150 754 3235 quonmdnm
774 3150 919 3224 nomina,
943 3146 1004 3210 sed
1017 3147 1181 3211 vocabula
1206 3150 1317 3224 etiam,
1342 3149 1533 3231 quorumvis
1550 3148 1721 3217 homiuum

455 3237 599 3299 sermoni
607 3232 805 3317 quotidiano
829 3230 980 3313 apprime
997 3232 1195 3309 necessaria,
1217 3231 1382 3295 aGraecis
1396 3234 1464 3295 reci
1489 3234 1619 3297 iebant:
1640 3250 1720 3299 narn

453 3317 621 3384 TERRA
630 3317 722 3381 haud
735 3317 802 3380 alia
813 3317 941 3380 ratione
954 3320 1020 3389 eri
1037 3311 1099 3403 ipa,
1121 3336 1219 3399 quam
1237 3312 1445 3393 TURMES,
1587 3332 1642 3384 um
1665 3319 1722 3384 dei

455 3402 617 3469 Mercurii
639 3420 769 3479 nomeu,
791 3421 811 3464 e
832 3423 880 3473 τος
897 3401 1007 3487 Ἐρμῆς
1021 3402 1251 3483 compositum
1271 3418 1345 3463 esse
1367 3406 1506 3484 oportet.
1549 3400 1721 3469 Vetusb'or

453 3489 553 3572 igitur
564 3490 747 3572 priscorum
760 3491 872 3551 murm
885 3487 942 3550 vel
953 3487 1050 3549 asta
1063 3487 1175 3567 poesis
1188 3487 1270 3549 inter
1278 3484 1431 3563 Graecos,
1441 3504 1546 3570 quam
1558 3488 1721 3573 ejusmodi

453 3575 588 3639 nomina
602 3574 707 3637 autin
721 3570 864 3635 Etrusca
876 3570 981 3633 autin
996 3570 1115 3634 Latina
1126 3570 1247 3653 lingua.

500 3674 581 3721 uxr.
604 3657 645 3719 ln
659 3657 816 3720 chronico
829 3654 931 3718 Pario
947 3654 1118 3719 Hesiodus
1138 3655 1201 3718 sub
1224 3654 1321 3719 finem
1335 3656 1453 3720 decimi
1468 3655 1721 3724 antechristum

454 3748 568 3806 natmu
592 3741 696 3803 seculi
718 3741 848 3803 rixmse
867 3739 1024 3819 traditum
1046 3744 1079 3802 et
1095 3758 1280 3823 quanquam
1302 3758 1356 3803 me
1375 3740 1478 3804 fateor
1501 3758 1618 3823 parurn
1642 3741 1722 3811 ddei

454 3825 575 3890 babere
587 3824 743 3888 marmmi
755 3824 811 3888 isti
826 3824 1049 3901 celeberrimo,
1062 3825 1098 3887 in
1111 3824 1175 3887 bac
1187 3844 1222 3887 re
1233 3824 1443 3889 nibilominus
1457 3828 1635 3891 auctoritas
1649 3828 1722 3911 ejus

454 3910 632 3995 plurimum
654 3908 757 3986 ualet,
779 3907 869 3993 quod
889 3908 1070 3973 rationibus
1093 3908 1221 3973 idoneis
1246 3909 1361 3973 sultam
1378 3910 1497 3975 video:
1519 3917 1628 3995 atque,
1651 3914 1681 3975 si
1701 3928 1723 3977 e

455 3995 617 4061 sermonis
629 3992 791 4079 cujusque
814 3994 1083 4077 proprietatibus,
1105 4012 1189 4076 quas
1206 3995 1325 4085 septiro
1350 3996 1464 4076 potius
1478 4014 1579 4079 quam
1591 3992 1723 4061 definire

455 4079 596 4165 possim,
617 4078 750 4143 ariolari
776 4078 902 4156 liceret,
925 4077 1101 4163 Odysseae·
1117 4080 1286 4144 auctorem
1309 4084 1438 4144 cautum
1460 4079 1586 4144 circiter
1614 4081 1722 4159 aunis,

454 4310 768 4449 {potatuan
1135 4348 1247 4422 ²rpur
1260 4347 1386 4405 Athena.
1399 4347 1418 4402 1.
1430 4346 1599 4405 suen.-

490 4413 869 4543 ⁴Siglrffm⁰lllloullPllrilrl⁴i⁰
862 4457 1071 4541 minitabundus
1082 4486 1260 4558 exprobrat—
1525 4470 1528 4477 Δ

779 4558 818 4603 οὔκ
827 4557 854 4606 ἄν
864 4574 899 4605 ror
910 4561 1014 4669 nelops?
1027 4556 1120 4625 aldeger,
1130 4558 1162 4605 rei
1173 4575 1197 4607 rr
1209 4556 1254 4623 lap·
1262 4556 1397 4623 Ἀφροδίτης,

837 4622 862 4668 rvi
915 4622 941 4670 τί
952 4640 998 4671 τυ

458 4688 540 4754 poeta
559 4682 604 4735 vel
620 4618 849 4765 rhapsodusffgtlb
861 4640 986 4765 Hieratis
998 4622 1126 4767 pllszlrrl:
1137 4626 1382 4753 :oppgpapspppzffi
1390 4684 1429 4733 ul
1441 4686 1468 4733 rt
1478 4682 1531 4740 uta
1543 4682 1648 4763 lfaridit
1661 4688 1724 4739 tun·

457 4754 899 4881 tm‘tattlttb‘
908 4752 1725 4880 tlttittttrttttttra‘0‘tttitt’tta:

326 4884 331 4893 ·
458 4888 491 4944 in
501 4858 602 4959 atur,
612 4904 669 4943 non
681 4889 810 4961 emat,
826 4843 867 4949 ll
883 4843 1003 4951 aab
1020 4842 1094 4951 ulna
1110 4896 1199 4961 neum
1215 4866 1299 4968 itque
1309 4894 1370 4949 raa
1386 4840 1516 4948 'attilam
1528 4891 1681 4973 imperant
1697 4890 1724 4945 s

458 4956 599 5013 adbibitus
610 4969 682 5014 esset
688 4978 698 5025 ;
715 4975 805 5033 neque
817 4964 894 5018 Parit
909 4964 940 5018 in
956 4966 1129 5021 excusatione
1140 4964 1285 5020 articulum
1305 4959 1436 5027 adhibet;
1452 4962 1487 5016 ab
1501 4960 1560 5032 ejus
1577 4976 1727 5035 emmim·
1842 5024 1847 5033 .

460 5042 529 5085 roua
539 5034 633 5102 gestus
642 5028 734 5085 omnis
745 5032 916 5103 emphaticas
926 5036 957 5091 in
971 5026 1085 5105 sua'lsspd
1097 5044 1156 5093 tum
1165 5050 1275 5109 prorsus
1285 5033 1392 5093 elanus
1403 5030 1526 5109 luisset,
