3825 5975
430 385 502 456 106
946 357 1202 471 Paulegomeaa

425 514 590 656 ejusmodi
603 506 698 634 poesi
718 545 916 634 jamdudum
929 566 1067 631 prorsus
1081 548 1239 625 extincta,
1263 553 1297 612 et
1317 539 1393 614 eliis
1415 550 1513 614 bonis
1527 551 1652 618 artibus
1666 563 1701 621 et

426 639 542 704 lrtterrs
571 637 633 699 snb
661 637 896 719 imperatarum
932 633 1160 698 Romanorum
1193 633 1416 699 dominatione
1449 627 1700 720 jecerubus'et

426 722 615 808 oppressis:
639 721 760 786 Cicero
774 720 863 784 enim
877 739 991 784 omnes
1006 719 1169 803 ejusmodi
1184 725 1323 784 cenatus
1337 721 1507 798 ignorasse
1522 723 1654 788 videtur
1665 729 1698 804 3¹·

424 827 530 892 neque
545 805 772 886 Quintilianus
820 826 858 871 ro
872 807 938 870 alio
953 825 1052 887 quam
1076 806 1274 888 importunis
1297 807 1508 872 molestarum
1531 808 1699 874 hominnm

424 895 523 978 nugis
545 893 731 958 habuisse.²
815 892 874 956 ulti
896 898 1004 956 tamen
1027 895 1144 974 postea
1165 892 1198 954 in
1218 911 1259 954 ea
1282 911 1383 956 arena
1408 893 1576 972 sudarunt,
1599 901 1699 980 atque

425 979 567 1056 demum,
590 987 687 1044 sexto
701 981 778 1062 post
792 974 959 1043 Christum
971 981 1084 1040 natum
1097 977 1211 1041 seculo
1226 979 1367 1054 meunte,
1390 977 1556 1060 Eugenius
1572 978 1699 1066 Phryx,

426 1067 485 1149 qui
499 1065 682 1130 Anastasio
699 1065 880 1148 imperante
897 1063 972 1145 jam
984 1081 1086 1126 senex
1103 1059 1393 1146 Constantinopoli
1412 1063 1566 1144 docebat,
1589 1063 1700 1153 lypsias

426 1149 618 1234 κωλομπρίοον
637 1157 692 1213 τῶν
706 1154 830 1231 μελοκῶν
845 1147 1013 1234 Αἰσχύλου,
1038 1145 1227 1224 Σοφοκλέους,
1251 1148 1298 1209 καί
1317 1145 1465 1231 Εὐριπίδου
1481 1151 1535 1214 ἄντί
1551 1151 1700 1236 δραμάτων

425 1233 632 1299 πεντεκαίδεκα·
658 1235 718 1322 περὶ
735 1240 794 1299 ’τοῦ
817 1232 850 1298 τί
869 1237 901 1298 τὸ
923 1234 1081 1304 catartaria,
1105 1233 1338 1318 πολιμβοίκχουν,
1362 1260 1389 1297 κ.
1404 1261 1433 1298 τ.
1449 1250 1478 1298 λ.
1490 1241 1524 1318 3³
1548 1240 1700 1302 acumine

428 1323 518 1407 quod
533 1324 598 1406 ipsi
622 1322 843 1405 proculdubio
857 1322 905 1386 illi
931 1329 1041 1405 poetae
1057 1321 1219 1404 inprimis
1233 1323 1448 1403 stupuissent,
1471 1324 1529 1388 vix
1544 1323 1701 1388 creditrui
1777 1367 1786 1384 .

428 1414 552 1492 quanta
582 1409 730 1473 scientiae
760 1412 793 1472 et
822 1406 951 1472 artificii
979 1407 1159 1472 subtilitate
1189 1409 1336 1470 carmina
1364 1410 1555 1473 texuissent.
1607 1409 1703 1474 Huic

428 1494 554 1560 homini
569 1493 707 1558 sortasse
732 1494 881 1558 maxima
903 1513 947 1557 ex
972 1497 1065 1574 parte
1091 1491 1249 1556 debentur
1264 1495 1463 1558 canticorum
1486 1494 1601 1558 forme
1628 1515 1703 1578 quta

426 1580 527 1664 vulgo
540 1579 637 1643 lectae
663 1590 738 1644 sunt
751 1584 926 1662 antequam
948 1577 1091 1663 Burney,
1115 1575 1258 1654 Bnmclr,
1284 1585 1317 1654 et
1339 1575 1467 1643 Porsen
1493 1581 1576 1644 alias
1596 1599 1702 1665 nuper

427 1665 625 1740 indiderrmt,
640 1664 770 1729 doctius
783 1664 914 1747 quidem
930 1669 965 1727 et
978 1664 1182 1744 ingeniosius
1196 1665 1414 1745 excogitatas,
1438 1671 1474 1728 at
1487 1665 1577 1729 nulla
1593 1676 1702 1736 tamen

428 1756 576 1816 veterum
590 1752 785 1816 auctoritate
797 1751 953 1827 sancitas,
966 1769 1035 1833 qua
1046 1750 1244 1832 antiquiores
1258 1751 1428 1830 autmagis
1441 1770 1459 1813 e
1470 1757 1575 1814 mente
1589 1756 1704 1835 poeta·

428 1855 502 1899 mm
515 1855 589 1900 esse
601 1835 865 1900 ostenderentur:
887 1838 995 1900 omnis
1008 1835 1095 1898 enim
1109 1834 1150 1898 de
1164 1835 1228 1898 hac
1243 1855 1275 1898 re
1291 1833 1540 1919 doctrinaque
1556 1837 1704 1918 linguam

429 1918 586 1987 Graecam
608 1927 657 1985 tot
669 1923 834 2004 tantisque
859 1920 981 2003 pedum
995 1928 1027 1984 et
1042 1939 1195 1984 versuum
1209 1919 1397 1984 nominibus
1416 1921 1704 2005 sesquipedalibus

333 2082 337 2090 1
430 2004 548 2071 ditavit
562 2007 615 2070 vel
641 2009 800 2084 oneravit,
826 2005 1009 2071 amolestis
1033 2007 1108 2070 istis
1129 2006 1365 2088 grammaticis,
1388 2026 1474 2089 quos
1498 2007 1704 2092 reprehendit

429 2089 668 2170 Quintilianus,
702 2093 860 2174 originem
889 2093 1061 2174 accepisse
1089 2091 1240 2170 videtury
1272 2110 1378 2174 neque
1411 2091 1470 2156 ulli
1497 2093 1644 2177 priorum
1671 2093 1704 2174 et
1825 2149 1831 2162 .

427 2176 613 2242 feliciorem
636 2189 817 2284 temporum
830 2177 981 2258 scriptori
1006 2177 1138 2240 omuino
1164 2177 1356 2241 innotuisse.
1401 2176 1500 2242 Plato
1528 2179 1703 2256 canticum,

429 2262 462 2325 τὸ
487 2259 584 2345 μίλος,
607 2263 639 2322 ἐκ
665 2285 748 2346 τρνοον
775 2259 967 2345 συγκείμενον,
990 2259 1078 2344 λόγου
1107 2285 1138 2322 τε
1167 2261 1215 2322 καί
1245 2260 1392 2342 ἁρμονίας,
1415 2262 1463 2324 καί
1494 2263 1594 2349 ῥυθμοῦ
1617 2275 1714 2340 esse,

429 2349 519 2412 nulla
531 2349 625 2412 metri
639 2348 804 2411 mentione
826 2347 960 2430 injecta,
982 2346 1104 2410 diserte
1130 2347 1244 2425 docet3
1267 2345 1326 2430 (de
1341 2350 1456 2432 repub.
1473 2349 1495 2412 l.
1512 2350 1560 2416 iii.
1576 2369 1610 2432 p.
1626 2348 1703 2414 898.

430 2433 476 2498 l).
491 2434 533 2496 ed
548 2427 772 2515 Serr.)neque
787 2432 998 2515 Hephaestio,
1021 2432 1158 2496 secundi
1181 2439 1260 2515 post
1273 2429 1440 2499 Christum
1466 2441 1578 2498 natum
1601 2433 1705 2498 seculi

425 2519 672 2602 grammaticus,
698 2519 732 2580 in
747 2518 817 2582 suis
833 2521 1015 2581 carminum
1030 2521 1175 2581 veterum
1188 2519 1447 2602 exemplaribus,
1474 2539 1617 2595 versum,
1644 2519 1705 2603 qui*

427 2623 492 2668 non
505 2604 541 2666 in
555 2604 684 2684 integra
697 2621 781 2667 voce
793 2601 890 2666 finem
903 2603 1063 2681 habuerit,
1086 2599 1248 2686 agnovit,⁴
1263 2605 1478 2686 paucissimis
1492 2604 1703 2689 quibusdam,

450 2707 513 2752 sos
534 2687 739 2770 reprehendit
752 2688 806 2752 vel
828 2694 980 2766 excusat,
1002 2690 1174 2771 exceptis:
1197 2707 1304 2770 neque
1331 2689 1506 2768 Horatius,
1529 2692 1705 2774 lyricorum

512 2793 637 2850 corum,
663 2792 750 2857 qnos
775 2772 1012 2850 desideramus,
1034 2773 1178 2840 imitator
1201 2779 1235 2837 et
1260 2775 1418 2857 interpres
1441 2777 1595 2854 eximius,
1618 2775 1706 2859 ejus·

432 2859 522 2924 modi
534 2858 704 2923 licentiam
719 2860 784 2923 sibi
798 2877 941 2942 unquam
954 2859 1125 2943 permisit:
1148 2879 1225 2923 nam
1239 2879 1355 2923 versus
1369 2861 1412 2926 19
1426 2862 1503 2939 etl,
1527 2862 1707 2925 carminum

432 2947 456 3011 l.
476 2945 513 3011 ii.
528 2944 561 3009 2.
584 2951 617 3010 et
641 2945 666 3011 l.
692 2945 738 3011 ix.
759 2946 792 3011 2.
815 2946 853 3009 in
870 2948 892 2978 “
908 2941 1093 3007 beatarum”
1114 2949 1147 3010 et
1172 2947 1195 2978 “
1210 2943 1364 3009 admirari
1372 2945 1391 2971 ''
1412 2945 1577 3026 finiuntur,
1604 2947 1707 3011 altero

322 3056 328 3067 ·
433 3036 455 3066 ‘⁸
470 3030 602 3095 beato—
613 3030 652 3100 ,·”
674 3039 708 3097 et
721 3032 850 3095 nomine
872 3033 894 3063 “
912 3028 1010 3094 late''
1026 3036 1103 3114 post
1126 3032 1262 3095 alterurn
1283 3031 1707 3117 disyllabopronunciato3

433 3122 534 3201 atque
544 3114 644 3196 rippa
653 3116 787 3192 ληκτοκόν
796 3136 856 3179 seu
865 3116 977 3177 τελικὸν
986 3115 1144 3198 dactylici
1157 3115 1353 3193 hexametri,
1365 3117 1535 3199 Sapphico
1543 3119 1708 3185 hendeca-

434 3202 563 3286 syllabo
576 3204 670 3266 tertio
685 3201 905 3283 subjunctam,
928 3202 1018 3285 quod
1033 3203 1156 3266 metrici
1171 3205 1368 3267 recentiores
1382 3221 1514 3265 versum
1540 3202 1708 3269 Adonium

432 3287 692 3364 denominarunt,
704 3306 770 3350 non
784 3306 846 3369 pre
861 3306 959 3349 versu
973 3288 1109 3368 integro,
1132 3288 1191 3351 sed
1205 3307 1265 3371 pro
1280 3288 1437 3365 membro,
1459 3290 1569 3351 versui
1583 3308 1712 3371 praeoe-

433 3372 524 3437 denti
546 3371 690 3455 adjecto,
714 3372 898 3437 habendum
919 3379 972 3436 est
992 3370 1084 3457 (vide
1096 3373 1119 3436 l.
1142 3374 1166 3436 i.
1181 3374 1214 3438 2.
1229 3393 1280 3436 vs.
1299 3374 1351 3451 19,
1365 3372 1421 3449 20,
1442 3373 1504 3438 &c
1519 3382 1552 3438 et
1578 3374 1706 3458 Sapph.

433 3458 518 3541 frag.
543 3458 579 3521 in
603 3456 751 3523 Bruncl.
777 3458 918 3523 analect.
938 3461 962 3524 i.
977 3455 1076 3541 etv.)
1119 3458 1235 3523 Nostri
1259 3464 1371 3522 tamen
1392 3458 1540 3525 hodierni
1563 3460 1710 3524 cantieo-

434 3562 506 3609 rum
531 3542 669 3607 Pindari
693 3549 725 3606 et
750 3545 948 3625 tragicorum
970 3543 1171 3621 redactores,
1198 3562 1312 3608 versus
1337 3548 1463 3609 tantum
1489 3564 1555 3608 non
1582 3564 1709 3624 omnes,

433 3628 554 3693 mediis
567 3627 721 3692 dissectis
735 3630 890 3706 vocibus,
905 3628 1065 3693 definiant
1077 3636 1112 3694 et
1125 3630 1351 3711 distinguunt3
1374 3649 1442 3711 qua
1454 3632 1581 3695 ratione
1592 3649 1708 3694 versus

435 3713 562 3777 solutos
583 3715 697 3794 tragici
713 3713 823 3777 Italici
839 3714 1029 3778 Metastasii
1051 3716 1163 3793 quiris
1183 3716 1307 3779 minore
1322 3716 1423 3778 etiam
1436 3717 1566 3798 negotio
1581 3716 1615 3779 in
1630 3723 1711 3780 stro-

435 3797 521 3882 phas
545 3803 578 3860 et
604 3798 825 3880 antistrophas
853 3800 994 3863 invicem
1023 3798 1257 3883 respondentes
1285 3799 1431 3883 redigere
1458 3802 1576 3883 possit.
1633 3799 1711 3879 Qua

436 3883 546 3949 numo
581 3880 842 3965 Shakespearius
873 3890 996 3960 noster,
1033 3886 1148 3949 critico
1176 3883 1322 3967 quodam
1349 3886 1529 3950 recentiore
1561 3886 1712 3964 docente,

437 3964 654 4051 comperisset
680 3986 718 4031 se
743 3988 845 4031 versus
870 3967 1038 4031 trochaicae
1063 3970 1218 4034 trimetros
1243 3967 1563 4048 braclucatatectiros,
1591 3970 1713 4054 syllaba

431 4050 704 4137 proceleusmatico
715 4051 928 4139 pereleganter
940 4064 1046 4116 auctos
1062 4055 1279 4139 scriptitasse,
1295 4075 1390 4119 nemo
1404 4064 1454 4119 est
1465 4056 1565 4121 hodie
1576 4058 1632 4141 qui
1645 4075 1713 4121 nen

437 4138 554 4218 sentit3
575 4156 682 4221 neque
695 4138 774 4217 alio,
799 4139 908 4216 credo,
935 4140 1113 4225 AEscbylus
1128 4140 1296 4204 auditurus
1310 4145 1397 4205 esset
1409 4134 1542 4205 no'rnina
1561 4160 1713 4205 versutun

438 4225 574 4307 inques
588 4224 713 4306 posteri
726 4243 881 4289 numeros
894 4224 969 4307 ejus
982 4226 1054 4306 lege
1069 4227 1193 4289 solutos
1209 4225 1390 4289 diviserint.
1706 4267 1710 4277 ·

479 4307 584 4393 Apud
598 4308 851 4374 Homericomm
875 4318 1057 4393 temporum
1077 4310 1219 4375 Graecos
1240 4329 1339 4373 voces
1354 4310 1527 4393 disyllaba
1542 4311 1714 4395 quamplu-

437 4396 531 4465 rimae
553 4396 664 4478 priore
678 4394 779 4476 longa
791 4401 825 4459 et
837 4398 1018 4479 posteriore
1032 4396 1137 4471 brevi,
1153 4396 1214 4459 nisi
1230 4395 1305 4459 eliis
1320 4396 1354 4457 in
1375 4416 1472 4459 versu
1484 4394 1714 4461 coustibrende

439 4480 773 4558 accommodarentur,
802 4482 936 4545 omnino
965 4482 1277 4564 pronunciabantur,
1314 4488 1350 4545 ut
1377 4486 1527 4560 ΛΑΡΟΣ,
1564 4484 1713 4559 ΝΑΕΟΣ,

479 4732 487 4759 ¹
506 4729 533 4779 A
545 4726 634 4780 modis
645 4728 808 4800 quibusdam
820 4689 902 4783 cantu
914 4740 1028 4795 remota,
1046 4727 1136 4783 soluta
1147 4725 1253 4783 videtur
1264 4744 1325 4781 esse
1339 4727 1434 4791 oratio,
1453 4728 1626 4799 maximeque
1638 4724 1665 4779 itl
1687 4724 1717 4779 in

440 4794 546 4921 optimnpp
566 4812 787 4919 quoqupheernrn
804 4810 944 4866 poetarum
957 4798 1004 4879 qui
1022 4800 1133 4922 suegela
1148 4798 1251 4852 Graecis
1273 4798 1458 4863 nominantur,
1475 4812 1544 4869 quas
1559 4814 1621 4851 eum
1634 4804 1717 4849 cantu

440 4883 490 4966 Ἦ
507 4879 1236 5062 λυθείοίέοῃείίυίοίίίνίίείίίείίίίίίιξΞτεὲίιιίευεῑὶίίίκῗῖιίίίυ
1248 4935 1358 4993 fueruat
1369 4935 1416 5009 qui
1434 4934 1579 5007 lyricorum
1592 4934 1718 5010 quedem

440 5020 706 5130 repnsrpiadrpnvznss
717 5020 860 5062 mensuras
871 5019 1027 5080 coegerunt.
1063 5008 1160 5069 Quian
1173 5049 1179 5062 .
1191 5016 1257 5061 rust.

474 5144 488 5179 ⁴
502 5145 553 5197 nir
561 5113 643 5212 μίτςον
654 5112 685 5203 {te
695 5146 781 5197 eiures
791 5148 927 5212 περατοῦται
938 5146 1008 5212 λέξον,
1022 5168 1046 5199 κ.
1059 5168 1083 5199 r.
1094 5158 1117 5201 λ.
1129 5164 1152 5202 c.
1166 5146 1202 5201 lv.
1214 5163 1235 5200 s.
1249 5152 1275 5201 3.
