<?xml version="1.0" encoding="UTF-8"?>
<!DOCTYPE html PUBLIC "-//W3C//DTD XHTML 1.0 Transitional//EN"
    "http://www.w3.org/TR/xhtml1/DTD/xhtml1-transitional.dtd">
<html xmlns="http://www.w3.org/1999/xhtml" xml:lang="en" lang="en">
 <head>
  <title>
</title>
<meta http-equiv="Content-Type" content="text/html;charset=utf-8" />
  <meta name='ocr-system' content='tesseract 3.04.00' />
  <meta name='ocr-capabilities' content='ocr_page ocr_carea ocr_par ocr_line ocrx_word'/>
</head>
<body>
  <div class='ocr_page' id='page_1' title='image "./carminahomerica00kniggoog/carminahomerica00kniggoog_0038.png"; bbox 0 0 3825 5975; ppageno 0'>
   <div class='ocr_carea' id='block_1_1' title="bbox 579 431 1469 528">
    <p class='ocr_par' dir='ltr' id='par_1_1' title="bbox 579 431 1469 528">
     <span class='ocr_line' id='line_1_1' title="bbox 579 431 1469 528; baseline 0.002 -18"><span class='ocrx_word' id='word_1_1' title='bbox 579 505 584 528; x_wconf 83' lang='grc'><em>,</em></span> <span class='ocrx_word' id='word_1_2' title='bbox 701 433 753 509; x_wconf 82' lang='lat' dir='ltr'><strong>In</strong></span> <span class='ocrx_word' id='word_1_3' title='bbox 770 431 974 510; x_wconf 74' lang='lat' dir='ltr'><strong>Homerum,</strong></span> <span class='ocrx_word' id='word_1_4' title='bbox 1419 445 1469 518; x_wconf 72' lang='lat'><strong>27</strong></span> 
     </span>
    </p>
   </div>
   <div class='ocr_carea' id='block_1_2' title="bbox 196 600 1599 4669">
    <p class='ocr_par' dir='ltr' id='par_1_2' title="bbox 196 600 1599 2725">
     <span class='ocr_line' id='line_1_2' title="bbox 198 600 1468 703; baseline 0.002 -31"><span class='ocrx_word' id='word_1_5' title='bbox 198 603 299 672; x_wconf 72' lang='lat' dir='ltr'><strong>selim</strong></span> <span class='ocrx_word' id='word_1_6' title='bbox 311 619 335 668; x_wconf 85' lang='lat' dir='ltr'><strong>a</strong></span> <span class='ocrx_word' id='word_1_7' title='bbox 346 600 640 703; x_wconf 26' lang='lat' dir='ltr'><strong>puoch-descriptis</strong></span> <span class='ocrx_word' id='word_1_8' title='bbox 658 604 831 689; x_wconf 88' lang='lat' dir='ltr'><strong>aptissime</strong></span> <span class='ocrx_word' id='word_1_9' title='bbox 844 605 1010 684; x_wconf 83' lang='lat' dir='ltr'><strong>conuenit,</strong></span> <span class='ocrx_word' id='word_1_10' title='bbox 1028 604 1088 668; x_wconf 90' lang='lat' dir='ltr'><strong>sed</strong></span> <span class='ocrx_word' id='word_1_11' title='bbox 1101 603 1145 670; x_wconf 92' lang='lat' dir='ltr'><strong>iis</strong></span> <span class='ocrx_word' id='word_1_12' title='bbox 1158 603 1286 689; x_wconf 76' lang='lat' dir='ltr'><strong>quoque</strong></span> <span class='ocrx_word' id='word_1_13' title='bbox 1296 606 1468 690; x_wconf 84' lang='lat' dir='ltr'><strong>omnibus,</strong></span> 
     </span>
     <span class='ocr_line' id='line_1_3' title="bbox 201 689 1470 776; baseline 0.008 -25"><span class='ocrx_word' id='word_1_14' title='bbox 201 708 280 774; x_wconf 70' lang='lat' dir='ltr'><strong>qm</strong></span> <span class='ocrx_word' id='word_1_15' title='bbox 302 689 379 752; x_wconf 86' lang='lat' dir='ltr'><strong>urbi</strong></span> <span class='ocrx_word' id='word_1_16' title='bbox 402 707 590 772; x_wconf 88' lang='lat' dir='ltr'><strong>cuicunque</strong></span> <span class='ocrx_word' id='word_1_17' title='bbox 611 689 779 772; x_wconf 69' lang='lat' dir='ltr'><strong>primarias</strong></span> <span class='ocrx_word' id='word_1_18' title='bbox 801 691 951 776; x_wconf 76' lang='lat' dir='ltr'><strong>apprime</strong></span> <span class='ocrx_word' id='word_1_19' title='bbox 975 691 1161 756; x_wconf 85' lang='lat' dir='ltr'><strong>necessaria</strong></span> <span class='ocrx_word' id='word_1_20' title='bbox 1185 693 1271 770; x_wconf 88' lang='lat' dir='ltr'><strong>sunt,</strong></span> <span class='ocrx_word' id='word_1_21' title='bbox 1285 692 1470 760; x_wconf 86' lang='lat' dir='ltr'><strong>instructis·</strong></span> 
     </span>
     <span class='ocr_line' id='line_1_4' title="bbox 198 775 1467 862; baseline 0.006 -22"><span class='ocrx_word' id='word_1_22' title='bbox 198 775 305 840; x_wconf 85' lang='lat' dir='ltr'><strong>simus</strong></span> <span class='ocrx_word' id='word_1_23' title='bbox 331 778 408 860; x_wconf 82' lang='lat' dir='ltr'><strong>est,</strong></span> <span class='ocrx_word' id='word_1_24' title='bbox 425 775 546 856; x_wconf 86' lang='lat' dir='ltr'><strong>quibus</strong></span> <span class='ocrx_word' id='word_1_25' title='bbox 572 775 685 840; x_wconf 79' lang='lat' dir='ltr'><strong>omitia</strong></span> <span class='ocrx_word' id='word_1_26' title='bbox 709 778 778 842; x_wconf 85' lang='lat' dir='ltr'><strong>aha</strong></span> <span class='ocrx_word' id='word_1_27' title='bbox 802 777 880 841; x_wconf 92' lang='lat' dir='ltr'><strong>loca</strong></span> <span class='ocrx_word' id='word_1_28' title='bbox 904 777 1170 862; x_wconf 78' lang='lat' dir='ltr'><strong>choumjiicentia</strong></span> <span class='ocrx_word' id='word_1_29' title='bbox 1192 778 1324 842; x_wconf 84' lang='lat' dir='ltr'><strong>omnino</strong></span> <span class='ocrx_word' id='word_1_30' title='bbox 1344 785 1467 848; x_wconf 74' lang='lat' dir='ltr'><strong>cuent.</strong></span> 
     </span>
     <span class='ocr_line' id='line_1_5' title="bbox 203 853 1468 945; baseline 0.006 -23"><span class='ocrx_word' id='word_1_31' title='bbox 203 857 329 924; x_wconf 84' lang='lat' dir='ltr'><strong>Urbem</strong></span> <span class='ocrx_word' id='word_1_32' title='bbox 346 859 537 941; x_wconf 86' lang='lat' dir='ltr'><strong>primariam</strong></span> <span class='ocrx_word' id='word_1_33' title='bbox 559 879 634 924; x_wconf 87' lang='lat' dir='ltr'><strong>eam</strong></span> <span class='ocrx_word' id='word_1_34' title='bbox 655 881 732 926; x_wconf 89' lang='lat' dir='ltr'><strong>esse</strong></span> <span class='ocrx_word' id='word_1_35' title='bbox 754 862 911 944; x_wconf 83' lang='lat' dir='ltr'><strong>intelligo,</strong></span> <span class='ocrx_word' id='word_1_36' title='bbox 935 881 1012 945; x_wconf 86' lang='lat' dir='ltr'><strong>quae</strong></span> <span class='ocrx_word' id='word_1_37' title='bbox 1033 861 1076 924; x_wconf 85' lang='lat' dir='ltr'><strong>eb</strong></span> <span class='ocrx_word' id='word_1_38' title='bbox 1089 861 1273 926; x_wconf 89' lang='lat' dir='ltr'><strong>homiuibus</strong></span> <span class='ocrx_word' id='word_1_39' title='bbox 1286 853 1468 945; x_wconf 75' lang='lat' dir='ltr'><strong>agrestibus</strong></span> 
     </span>
     <span class='ocr_line' id='line_1_6' title="bbox 202 945 1469 1032; baseline 0.009 -27"><span class='ocrx_word' id='word_1_40' title='bbox 202 945 392 1028; x_wconf 75' lang='lat' dir='ltr'><strong>posmribus</strong></span> <span class='ocrx_word' id='word_1_41' title='bbox 413 945 643 1010; x_wconf 71' lang='lat' dir='ltr'><strong>occultoribus</strong></span> <span class='ocrx_word' id='word_1_42' title='bbox 654 947 823 1014; x_wconf 64' lang='lat' dir='ltr'><strong>miiicata</strong></span> <span class='ocrx_word' id='word_1_43' title='bbox 845 955 879 1012; x_wconf 89' lang='lat' dir='ltr'><strong>et</strong></span> <span class='ocrx_word' id='word_1_44' title='bbox 889 947 1017 1012; x_wconf 85' lang='lat' dir='ltr'><strong>munita</strong></span> <span class='ocrx_word' id='word_1_45' title='bbox 1031 948 1086 1024; x_wconf 91' lang='lat' dir='ltr'><strong>sit,</strong></span> <span class='ocrx_word' id='word_1_46' title='bbox 1100 963 1167 1010; x_wconf 92' lang='lat' dir='ltr'><strong>uon</strong></span> <span class='ocrx_word' id='word_1_47' title='bbox 1178 952 1218 1010; x_wconf 88' lang='lat' dir='ltr'><strong>ut</strong></span> <span class='ocrx_word' id='word_1_48' title='bbox 1230 946 1323 1010; x_wconf 84' lang='lat' dir='ltr'><strong>sedes</strong></span> <span class='ocrx_word' id='word_1_49' title='bbox 1337 948 1469 1032; x_wconf 83' lang='lat' dir='ltr'><strong>imperii</strong></span> 
     </span>
     <span class='ocr_line' id='line_1_7' title="bbox 202 1029 1469 1118; baseline 0.002 -24"><span class='ocrx_word' id='word_1_50' title='bbox 202 1029 257 1094; x_wconf 82' lang='lat' dir='ltr'><strong>rel</strong></span> <span class='ocrx_word' id='word_1_51' title='bbox 266 1029 452 1111; x_wconf 77' lang='lat' dir='ltr'><strong>emporium</strong></span> <span class='ocrx_word' id='word_1_52' title='bbox 464 1033 654 1118; x_wconf 70' lang='lat' dir='ltr'><strong>mnumercii</strong></span> <span class='ocrx_word' id='word_1_53' title='bbox 676 1031 781 1109; x_wconf 85' lang='lat' dir='ltr'><strong>lieret,</strong></span> <span class='ocrx_word' id='word_1_54' title='bbox 796 1033 856 1096; x_wconf 89' lang='lat' dir='ltr'><strong>sed</strong></span> <span class='ocrx_word' id='word_1_55' title='bbox 867 1038 905 1096; x_wconf 93' lang='lat' dir='ltr'><strong>nt</strong></span> <span class='ocrx_word' id='word_1_56' title='bbox 917 1031 1028 1096; x_wconf 90' lang='lat' dir='ltr'><strong>locuni</strong></span> <span class='ocrx_word' id='word_1_57' title='bbox 1042 1029 1250 1096; x_wconf 89' lang='lat' dir='ltr'><strong>commodum</strong></span> <span class='ocrx_word' id='word_1_58' title='bbox 1263 1036 1469 1116; x_wconf 77' lang='lat' dir='ltr'><strong>cougregatis</strong></span> 
     </span>
     <span class='ocr_line' id='line_1_8' title="bbox 201 1111 1469 1198; baseline 0.005 -20"><span class='ocrx_word' id='word_1_59' title='bbox 201 1111 428 1190; x_wconf 80' lang='lat' dir='ltr'><strong>habitandum,</strong></span> <span class='ocrx_word' id='word_1_60' title='bbox 446 1119 482 1178; x_wconf 88' lang='lat' dir='ltr'><strong>et</strong></span> <span class='ocrx_word' id='word_1_61' title='bbox 508 1133 531 1178; x_wconf 86' lang='lat' dir='ltr'><strong>a</strong></span> <span class='ocrx_word' id='word_1_62' title='bbox 557 1117 676 1181; x_wconf 77' lang='lat' dir='ltr'><strong>subitis</strong></span> <span class='ocrx_word' id='word_1_63' title='bbox 692 1118 847 1192; x_wconf 68' lang='lat' dir='ltr'><strong>,hostium</strong></span> <span class='ocrx_word' id='word_1_64' title='bbox 874 1117 1117 1182; x_wconf 73' lang='lat' dir='ltr'><strong>incursionibus</strong></span> <span class='ocrx_word' id='word_1_65' title='bbox 1144 1121 1178 1180; x_wconf 90' lang='lat' dir='ltr'><strong>et</strong></span> <span class='ocrx_word' id='word_1_66' title='bbox 1205 1117 1469 1198; x_wconf 78' lang='lat' dir='ltr'><strong>aggressionibus</strong></span> 
     </span>
     <span class='ocr_line' id='line_1_9' title="bbox 202 1198 1471 1280; baseline 0.006 -18"><span class='ocrx_word' id='word_1_67' title='bbox 202 1203 322 1274; x_wconf 67' lang='lat' dir='ltr'><strong>maim,</strong></span> <span class='ocrx_word' id='word_1_68' title='bbox 337 1199 505 1280; x_wconf 83' lang='lat' dir='ltr'><strong>praeberet.</strong></span> <span class='ocrx_word' id='word_1_69' title='bbox 548 1198 605 1264; x_wconf 78' lang='lat' dir='ltr'><strong>Ad</strong></span> <span class='ocrx_word' id='word_1_70' title='bbox 617 1202 680 1266; x_wconf 93' lang='lat' dir='ltr'><strong>hoc</strong></span> <span class='ocrx_word' id='word_1_71' title='bbox 693 1204 757 1267; x_wconf 92' lang='lat' dir='ltr'><strong>tria</strong></span> <span class='ocrx_word' id='word_1_72' title='bbox 763 1201 909 1266; x_wconf 77' lang='lat' dir='ltr'><strong>maxime</strong></span> <span class='ocrx_word' id='word_1_73' title='bbox 917 1202 1219 1278; x_wconf 85' lang='lat' dir='ltr'><strong>necessaria-eraut,</strong></span> <span class='ocrx_word' id='word_1_74' title='bbox 1233 1220 1329 1266; x_wconf 88' lang='lat' dir='ltr'><strong>mons</strong></span> <span class='ocrx_word' id='word_1_75' title='bbox 1339 1204 1471 1270; x_wconf 86' lang='lat' dir='ltr'><strong>scilicet</strong></span> 
     </span>
     <span class='ocr_line' id='line_1_10' title="bbox 200 1280 1470 1381; baseline 0.004 -35"><span class='ocrx_word' id='word_1_76' title='bbox 200 1280 254 1381; x_wconf 77' lang='lat' dir='ltr'><strong>ita</strong></span> <span class='ocrx_word' id='word_1_77' title='bbox 274 1281 372 1359; x_wconf 74' lang='lat' dir='ltr'><strong>alum,</strong></span> <span class='ocrx_word' id='word_1_78' title='bbox 395 1289 428 1346; x_wconf 88' lang='lat' dir='ltr'><strong>et</strong></span> <span class='ocrx_word' id='word_1_79' title='bbox 450 1283 494 1346; x_wconf 91' lang='lat' dir='ltr'><strong>ab</strong></span> <span class='ocrx_word' id='word_1_80' title='bbox 507 1284 585 1349; x_wconf 89' lang='lat' dir='ltr'><strong>aliis</strong></span> <span class='ocrx_word' id='word_1_81' title='bbox 606 1293 780 1370; x_wconf 77' lang='lat' dir='ltr'><strong>separabis</strong></span> <span class='ocrx_word' id='word_1_82' title='bbox 792 1282 975 1362; x_wconf 79' lang='lat' dir='ltr'><strong>altioribus,</strong></span> <span class='ocrx_word' id='word_1_83' title='bbox 990 1291 1028 1351; x_wconf 90' lang='lat' dir='ltr'><strong>ut</strong></span> <span class='ocrx_word' id='word_1_84' title='bbox 1040 1287 1074 1350; x_wconf 92' lang='lat' dir='ltr'><strong>in</strong></span> <span class='ocrx_word' id='word_1_85' title='bbox 1087 1305 1164 1350; x_wconf 90' lang='lat' dir='ltr'><strong>eum</strong></span> <span class='ocrx_word' id='word_1_86' title='bbox 1176 1287 1318 1351; x_wconf 73' lang='lat' dir='ltr'><strong>missilia</strong></span> <span class='ocrx_word' id='word_1_87' title='bbox 1331 1287 1470 1371; x_wconf 75' lang='lat' dir='ltr'><strong>desuper</strong></span> 
     </span>
     <span class='ocr_line' id='line_1_11' title="bbox 196 1367 1468 1454; baseline 0.003 -22"><span class='ocrx_word' id='word_1_88' title='bbox 196 1385 314 1450; x_wconf 69' lang='lat' dir='ltr'><strong>jacere</strong></span> <span class='ocrx_word' id='word_1_89' title='bbox 325 1385 393 1430; x_wconf 92' lang='lat' dir='ltr'><strong>nou</strong></span> <span class='ocrx_word' id='word_1_90' title='bbox 405 1367 539 1450; x_wconf 79' lang='lat' dir='ltr'><strong>liceret;</strong></span> <span class='ocrx_word' id='word_1_91' title='bbox 558 1389 658 1454; x_wconf 73' lang='lat' dir='ltr'><strong>aqum</strong></span> <span class='ocrx_word' id='word_1_92' title='bbox 670 1374 849 1454; x_wconf 74' lang='lat' dir='ltr'><strong>scaturigo,</strong></span> <span class='ocrx_word' id='word_1_93' title='bbox 871 1376 929 1435; x_wconf 91' lang='lat' dir='ltr'><strong>aut</strong></span> <span class='ocrx_word' id='word_1_94' title='bbox 941 1372 977 1434; x_wconf 90' lang='lat' dir='ltr'><strong>in</strong></span> <span class='ocrx_word' id='word_1_95' title='bbox 989 1391 1041 1448; x_wconf 92' lang='lat' dir='ltr'><strong>eo,</strong></span> <span class='ocrx_word' id='word_1_96' title='bbox 1065 1375 1123 1436; x_wconf 85' lang='lat' dir='ltr'><strong>aut</strong></span> <span class='ocrx_word' id='word_1_97' title='bbox 1135 1371 1186 1435; x_wconf 91' lang='lat' dir='ltr'><strong>sic</strong></span> <span class='ocrx_word' id='word_1_98' title='bbox 1209 1373 1374 1436; x_wconf 85' lang='lat' dir='ltr'><strong>caciimini</strong></span> <span class='ocrx_word' id='word_1_99' title='bbox 1389 1374 1468 1436; x_wconf 86' lang='lat' dir='ltr'><strong>sub-</strong></span> 
     </span>
     <span class='ocr_line' id='line_1_12' title="bbox 198 1451 1599 1549; baseline 0.004 -33"><span class='ocrx_word' id='word_1_100' title='bbox 198 1451 312 1549; x_wconf 73' lang='lat' dir='ltr'><strong>jsctus</strong></span> <span class='ocrx_word' id='word_1_101' title='bbox 333 1456 372 1514; x_wconf 91' lang='lat' dir='ltr'><strong>ut</strong></span> <span class='ocrx_word' id='word_1_102' title='bbox 392 1453 574 1518; x_wconf 87' lang='lat' dir='ltr'><strong>missilibus</strong></span> <span class='ocrx_word' id='word_1_103' title='bbox 586 1456 664 1522; x_wconf 91' lang='lat' dir='ltr'><strong>inde</strong></span> <span class='ocrx_word' id='word_1_104' title='bbox 681 1456 786 1542; x_wconf 88' lang='lat' dir='ltr'><strong>jactis</strong></span> <span class='ocrx_word' id='word_1_105' title='bbox 798 1456 931 1522; x_wconf 81' lang='lat' dir='ltr'><strong>defendi</strong></span> <span class='ocrx_word' id='word_1_106' title='bbox 944 1456 1135 1539; x_wconf 84' lang='lat' dir='ltr'><strong>protegique</strong></span> <span class='ocrx_word' id='word_1_107' title='bbox 1149 1462 1283 1539; x_wconf 85' lang='lat' dir='ltr'><strong>posset;</strong></span> <span class='ocrx_word' id='word_1_108' title='bbox 1320 1463 1354 1520; x_wconf 84' lang='lat' dir='ltr'><strong>et</strong></span> <span class='ocrx_word' id='word_1_109' title='bbox 1366 1457 1472 1540; x_wconf 82' lang='lat' dir='ltr'><strong>plani·</strong></span> <span class='ocrx_word' id='word_1_110' title='bbox 1594 1529 1599 1542; x_wconf 37' lang='lat'><em>¹</em></span> 
     </span>
     <span class='ocr_line' id='line_1_13' title="bbox 203 1537 1474 1624; baseline 0.006 -25"><span class='ocrx_word' id='word_1_111' title='bbox 203 1554 276 1600; x_wconf 82' lang='lat' dir='ltr'><strong>cies</strong></span> <span class='ocrx_word' id='word_1_112' title='bbox 287 1537 399 1600; x_wconf 74' lang='lat' dir='ltr'><strong>subter</strong></span> <span class='ocrx_word' id='word_1_113' title='bbox 411 1544 496 1602; x_wconf 79' lang='lat' dir='ltr'><strong>saus</strong></span> <span class='ocrx_word' id='word_1_114' title='bbox 509 1541 622 1624; x_wconf 86' lang='lat' dir='ltr'><strong>ampla</strong></span> <span class='ocrx_word' id='word_1_115' title='bbox 634 1547 669 1607; x_wconf 91' lang='lat' dir='ltr'><strong>et</strong></span> <span class='ocrx_word' id='word_1_116' title='bbox 681 1542 798 1608; x_wconf 81' lang='lat' dir='ltr'><strong>fertilis</strong></span> <span class='ocrx_word' id='word_1_117' title='bbox 811 1542 856 1606; x_wconf 87' lang='lat' dir='ltr'><strong>ad</strong></span> <span class='ocrx_word' id='word_1_118' title='bbox 877 1542 1071 1606; x_wconf 80' lang='lat' dir='ltr'><strong>frumentum</strong></span> <span class='ocrx_word' id='word_1_119' title='bbox 1092 1541 1280 1608; x_wconf 87' lang='lat' dir='ltr'><strong>hominibus</strong></span> <span class='ocrx_word' id='word_1_120' title='bbox 1293 1547 1327 1604; x_wconf 91' lang='lat' dir='ltr'><strong>et</strong></span> <span class='ocrx_word' id='word_1_121' title='bbox 1337 1542 1474 1606; x_wconf 82' lang='lat' dir='ltr'><strong>horbem</strong></span> 
     </span>
     <span class='ocr_line' id='line_1_14' title="bbox 201 1619 1472 1719; baseline 0.007 -36"><span class='ocrx_word' id='word_1_122' title='bbox 201 1621 359 1719; x_wconf 64' lang='lat' dir='ltr'><strong>gregibus</strong></span> <span class='ocrx_word' id='word_1_123' title='bbox 381 1623 609 1706; x_wconf 68' lang='lat' dir='ltr'><strong>praebendam</strong></span> <span class='ocrx_word' id='word_1_124' title='bbox 640 1647 718 1712; x_wconf 84' lang='lat' dir='ltr'><strong>quoe</strong></span> <span class='ocrx_word' id='word_1_125' title='bbox 747 1627 859 1692; x_wconf 90' lang='lat' dir='ltr'><strong>omnia</strong></span> <span class='ocrx_word' id='word_1_126' title='bbox 882 1627 958 1690; x_wconf 90' lang='lat' dir='ltr'><strong>huic</strong></span> <span class='ocrx_word' id='word_1_127' title='bbox 978 1626 1067 1704; x_wconf 91' lang='lat' dir='ltr'><strong>loco,</strong></span> <span class='ocrx_word' id='word_1_128' title='bbox 1096 1632 1131 1691; x_wconf 87' lang='lat' dir='ltr'><strong>at</strong></span> <span class='ocrx_word' id='word_1_129' title='bbox 1155 1627 1212 1690; x_wconf 88' lang='lat' dir='ltr'><strong>alii</strong></span> <span class='ocrx_word' id='word_1_130' title='bbox 1238 1627 1319 1690; x_wconf 90' lang='lat' dir='ltr'><strong>nulli</strong></span> <span class='ocrx_word' id='word_1_131' title='bbox 1347 1627 1382 1690; x_wconf 91' lang='lat' dir='ltr'><strong>iu</strong></span> <span class='ocrx_word' id='word_1_132' title='bbox 1399 1619 1472 1692; x_wconf 83' lang='lat' dir='ltr'><strong>&#39;hac</strong></span> 
     </span>
     <span class='ocr_line' id='line_1_15' title="bbox 203 1707 1474 1795; baseline 0.004 -26"><span class='ocrx_word' id='word_1_133' title='bbox 203 1724 349 1788; x_wconf 74' lang='lat' dir='ltr'><strong>regione,</strong></span> <span class='ocrx_word' id='word_1_134' title='bbox 371 1707 501 1770; x_wconf 77' lang='lat' dir='ltr'><strong>abrmde</strong></span> <span class='ocrx_word' id='word_1_135' title='bbox 515 1718 715 1795; x_wconf 87' lang='lat' dir='ltr'><strong>competunt.</strong></span> <span class='ocrx_word' id='word_1_136' title='bbox 759 1713 800 1776; x_wconf 88' lang='lat' dir='ltr'><strong>In</strong></span> <span class='ocrx_word' id='word_1_137' title='bbox 813 1712 968 1776; x_wconf 89' lang='lat' dir='ltr'><strong>omnibus</strong></span> <span class='ocrx_word' id='word_1_138' title='bbox 986 1711 1139 1779; x_wconf 75' lang='lat' dir='ltr'><strong>carminis</strong></span> <span class='ocrx_word' id='word_1_139' title='bbox 1152 1711 1236 1775; x_wconf 89' lang='lat' dir='ltr'><strong>locis</strong></span> <span class='ocrx_word' id='word_1_140' title='bbox 1249 1729 1317 1776; x_wconf 90' lang='lat' dir='ltr'><strong>non</strong></span> <span class='ocrx_word' id='word_1_141' title='bbox 1330 1712 1474 1793; x_wconf 87' lang='lat' dir='ltr'><strong>interpo-</strong></span> 
     </span>
     <span class='ocr_line' id='line_1_16' title="bbox 203 1789 1474 1893; baseline 0.006 -39"><span class='ocrx_word' id='word_1_142' title='bbox 203 1789 396 1893; x_wconf 70' lang='lat' dir='ltr'><strong>lampasii</strong></span> <span class='ocrx_word' id='word_1_143' title='bbox 408 1791 452 1856; x_wconf 89' lang='lat' dir='ltr'><strong>de</strong></span> <span class='ocrx_word' id='word_1_144' title='bbox 465 1795 548 1858; x_wconf 89' lang='lat' dir='ltr'><strong>urbe</strong></span> <span class='ocrx_word' id='word_1_145' title='bbox 559 1795 672 1882; x_wconf 73' lang='lat' dir='ltr'><strong>&#39;1¹roJa,</strong></span> <span class='ocrx_word' id='word_1_146' title='bbox 687 1804 844 1880; x_wconf 89' lang='lat' dir='ltr'><strong>tanquam</strong></span> <span class='ocrx_word' id='word_1_147' title='bbox 857 1796 1130 1880; x_wconf 65' lang='lat' dir='ltr'><strong>alta-praerupta,</strong></span> <span class='ocrx_word' id='word_1_148' title='bbox 1150 1803 1183 1861; x_wconf 93' lang='lat' dir='ltr'><strong>et</strong></span> <span class='ocrx_word' id='word_1_149' title='bbox 1195 1797 1303 1860; x_wconf 83' lang='lat' dir='ltr'><strong>ventis</strong></span> <span class='ocrx_word' id='word_1_150' title='bbox 1315 1795 1474 1878; x_wconf 79' lang='lat' dir='ltr'><strong>exposita</strong></span> 
     </span>
     <span class='ocr_line' id='line_1_17' title="bbox 204 1873 1473 1976; baseline 0.005 -37"><span class='ocrx_word' id='word_1_151' title='bbox 204 1873 348 1974; x_wconf 78' lang='lat' dir='ltr'><strong>loquitur</strong></span> <span class='ocrx_word' id='word_1_152' title='bbox 355 1896 368 1976; x_wconf 68' lang='lat'>3</span> <span class='ocrx_word' id='word_1_153' title='bbox 389 1882 423 1941; x_wconf 88' lang='lat' dir='ltr'><strong>et</strong></span> <span class='ocrx_word' id='word_1_154' title='bbox 442 1897 558 1943; x_wconf 82' lang='lat' dir='ltr'><strong>uersus</strong></span> <span class='ocrx_word' id='word_1_155' title='bbox 577 1882 718 1961; x_wconf 90' lang='lat' dir='ltr'><strong>insititii,</strong></span> <span class='ocrx_word' id='word_1_156' title='bbox 733 1884 792 1966; x_wconf 90' lang='lat' dir='ltr'><strong>qui</strong></span> <span class='ocrx_word' id='word_1_157' title='bbox 805 1882 900 1946; x_wconf 82' lang='lat' dir='ltr'><strong>alitor</strong></span> <span class='ocrx_word' id='word_1_158' title='bbox 913 1901 985 1944; x_wconf 90' lang='lat' dir='ltr'><strong>eom</strong></span> <span class='ocrx_word' id='word_1_159' title='bbox 999 1882 1166 1958; x_wconf 79' lang='lat' dir='ltr'><strong>exhibent,</strong></span> <span class='ocrx_word' id='word_1_160' title='bbox 1182 1881 1272 1944; x_wconf 85' lang='lat' dir='ltr'><strong>alias</strong></span> <span class='ocrx_word' id='word_1_161' title='bbox 1282 1881 1328 1944; x_wconf 93' lang='lat' dir='ltr'><strong>ob</strong></span> <span class='ocrx_word' id='word_1_162' title='bbox 1342 1897 1473 1958; x_wconf 71' lang='lat' dir='ltr'><strong>musas,</strong></span> 
     </span>
     <span class='ocr_line' id='line_1_18' title="bbox 204 1960 1474 2050; baseline 0.001 -21"><span class='ocrx_word' id='word_1_163' title='bbox 204 1977 242 2029; x_wconf 83' lang='lat' dir='ltr'><strong>in</strong></span> <span class='ocrx_word' id='word_1_164' title='bbox 256 1960 384 2024; x_wconf 89' lang='lat' dir='ltr'><strong>notuhs</strong></span> <span class='ocrx_word' id='word_1_165' title='bbox 406 1966 635 2044; x_wconf 76' lang='lat' dir='ltr'><strong>recensendas,</strong></span> <span class='ocrx_word' id='word_1_166' title='bbox 659 1986 682 2032; x_wconf 88' lang='lat' dir='ltr'><strong>a</strong></span> <span class='ocrx_word' id='word_1_167' title='bbox 704 1968 801 2032; x_wconf 90' lang='lat' dir='ltr'><strong>nobis</strong></span> <span class='ocrx_word' id='word_1_168' title='bbox 825 1964 979 2050; x_wconf 86' lang='lat' dir='ltr'><strong>ejiciendi</strong></span> <span class='ocrx_word' id='word_1_169' title='bbox 1004 1973 1107 2031; x_wconf 89' lang='lat' dir='ltr'><strong>erunt.</strong></span> <span class='ocrx_word' id='word_1_170' title='bbox 1129 1981 1132 1986; x_wconf 83' lang='lat'>·</span> <span class='ocrx_word' id='word_1_171' title='bbox 1151 1963 1239 2042; x_wconf 76' lang='lat' dir='ltr'><strong>Quae</strong></span> <span class='ocrx_word' id='word_1_172' title='bbox 1259 1971 1368 2029; x_wconf 85' lang='lat' dir='ltr'><strong>autem</strong></span> <span class='ocrx_word' id='word_1_173' title='bbox 1392 1965 1474 2030; x_wconf 71' lang='lat' dir='ltr'><strong>olari</strong></span> 
     </span>
     <span class='ocr_line' id='line_1_19' title="bbox 207 2041 1474 2144; baseline 0.004 -36"><span class='ocrx_word' id='word_1_174' title='bbox 207 2041 405 2144; x_wconf 77' lang='lat' dir='ltr'><strong>Bennellde</strong></span> <span class='ocrx_word' id='word_1_175' title='bbox 413 2051 581 2114; x_wconf 84' lang='lat' dir='ltr'><strong>moenibus</strong></span> <span class='ocrx_word' id='word_1_176' title='bbox 594 2053 720 2132; x_wconf 77' lang='lat' dir='ltr'><strong>ignium</strong></span> <span class='ocrx_word' id='word_1_177' title='bbox 732 2052 777 2116; x_wconf 86' lang='lat' dir='ltr'><strong>ad</strong></span> <span class='ocrx_word' id='word_1_178' title='bbox 790 2050 985 2136; x_wconf 74' lang='lat' dir='ltr'><strong>Graecomm</strong></span> <span class='ocrx_word' id='word_1_179' title='bbox 999 2055 1109 2114; x_wconf 77' lang='lat' dir='ltr'><strong>casua</strong></span> <span class='ocrx_word' id='word_1_180' title='bbox 1121 2067 1337 2114; x_wconf 76' lang='lat' dir='ltr'><strong>accensorum</strong></span> <span class='ocrx_word' id='word_1_181' title='bbox 1350 2049 1474 2113; x_wconf 84' lang='lat' dir='ltr'><strong>lumine</strong></span> 
     </span>
     <span class='ocr_line' id='line_1_20' title="bbox 206 2129 1475 2219; baseline 0.002 -24"><span class='ocrx_word' id='word_1_182' title='bbox 206 2129 430 2195; x_wconf 77' lang='lat' dir='ltr'><strong>relucentibus</strong></span> <span class='ocrx_word' id='word_1_183' title='bbox 444 2135 564 2212; x_wconf 83' lang='lat' dir='ltr'><strong>attulit,</strong></span> <span class='ocrx_word' id='word_1_184' title='bbox 579 2143 618 2200; x_wconf 92' lang='lat' dir='ltr'><strong>ut</strong></span> <span class='ocrx_word' id='word_1_185' title='bbox 628 2155 705 2202; x_wconf 87' lang='lat' dir='ltr'><strong>earn</strong></span> <span class='ocrx_word' id='word_1_186' title='bbox 717 2138 800 2200; x_wconf 87' lang='lat' dir='ltr'><strong>mari</strong></span> <span class='ocrx_word' id='word_1_187' title='bbox 812 2133 1116 2219; x_wconf 79' lang='lat' dir='ltr'><strong>propiorem-,fuisse</strong></span> <span class='ocrx_word' id='word_1_188' title='bbox 1131 2132 1325 2210; x_wconf 83' lang='lat' dir='ltr'><strong>ostenderet,</strong></span> <span class='ocrx_word' id='word_1_189' title='bbox 1349 2151 1415 2197; x_wconf 90' lang='lat' dir='ltr'><strong>non</strong></span> <span class='ocrx_word' id='word_1_190' title='bbox 1428 2131 1475 2198; x_wconf 88' lang='lat' dir='ltr'><strong>ad</strong></span> 
     </span>
     <span class='ocr_line' id='line_1_21' title="bbox 205 2215 1532 2305; baseline -0.001 -22"><span class='ocrx_word' id='word_1_191' title='bbox 205 2215 371 2297; x_wconf 72' lang='lat' dir='ltr'><strong>antiquas,</strong></span> <span class='ocrx_word' id='word_1_192' title='bbox 396 2217 456 2281; x_wconf 89' lang='lat' dir='ltr'><strong>sed</strong></span> <span class='ocrx_word' id='word_1_193' title='bbox 480 2220 525 2284; x_wconf 87' lang='lat' dir='ltr'><strong>ad</strong></span> <span class='ocrx_word' id='word_1_194' title='bbox 542 2219 713 2305; x_wconf 87' lang='lat' dir='ltr'><strong>Popianas</strong></span> <span class='ocrx_word' id='word_1_195' title='bbox 728 2221 1008 2304; x_wconf 80' lang='lat' dir='ltr'><strong>interpolationes,</strong></span> <span class='ocrx_word' id='word_1_196' title='bbox 1034 2239 1056 2284; x_wconf 87' lang='lat' dir='ltr'><strong>a</strong></span> <span class='ocrx_word' id='word_1_197' title='bbox 1069 2217 1233 2300; x_wconf 84' lang='lat' dir='ltr'><strong>Coirpero</strong></span> <span class='ocrx_word' id='word_1_198' title='bbox 1246 2219 1354 2298; x_wconf 84' lang='lat' dir='ltr'><strong>magis</strong></span> <span class='ocrx_word' id='word_1_199' title='bbox 1368 2217 1476 2299; x_wconf 86' lang='lat' dir='ltr'><strong>inqui·</strong></span> <span class='ocrx_word' id='word_1_200' title='bbox 1529 2231 1532 2251; x_wconf 78' lang='lat'><strong>¹</strong></span> 
     </span>
     <span class='ocr_line' id='line_1_22' title="bbox 206 2302 1475 2390; baseline 0.004 -27"><span class='ocrx_word' id='word_1_201' title='bbox 206 2305 304 2364; x_wconf 88' lang='lat' dir='ltr'><strong>natas</strong></span> <span class='ocrx_word' id='word_1_202' title='bbox 321 2306 356 2366; x_wconf 85' lang='lat' dir='ltr'><strong>et</strong></span> <span class='ocrx_word' id='word_1_203' title='bbox 383 2302 601 2386; x_wconf 83' lang='lat' dir='ltr'><strong>depravatas,</strong></span> <span class='ocrx_word' id='word_1_204' title='bbox 623 2307 759 2371; x_wconf 89' lang='lat' dir='ltr'><strong>omnino</strong></span> <span class='ocrx_word' id='word_1_205' title='bbox 786 2307 972 2390; x_wconf 87' lang='lat' dir='ltr'><strong>pertinent.¹</strong></span> <span class='ocrx_word' id='word_1_206' title='bbox 1025 2303 1220 2370; x_wconf 84' lang='lat' dir='ltr'><strong>Graecorum</strong></span> <span class='ocrx_word' id='word_1_207' title='bbox 1250 2307 1369 2380; x_wconf 87' lang='lat' dir='ltr'><strong>castra,</strong></span> <span class='ocrx_word' id='word_1_208' title='bbox 1399 2321 1475 2384; x_wconf 78' lang='lat' dir='ltr'><strong>qum</strong></span> 
     </span>
     <span class='ocr_line' id='line_1_23' title="bbox 207 2383 1525 2472; baseline -0.002 -20"><span class='ocrx_word' id='word_1_209' title='bbox 207 2383 374 2452; x_wconf 78' lang='lat' dir='ltr'><strong>hominum</strong></span> <span class='ocrx_word' id='word_1_210' title='bbox 386 2388 464 2470; x_wconf 90' lang='lat' dir='ltr'><strong>plus</strong></span> <span class='ocrx_word' id='word_1_211' title='bbox 472 2409 573 2472; x_wconf 86' lang='lat' dir='ltr'><strong>quam</strong></span> <span class='ocrx_word' id='word_1_212' title='bbox 586 2398 715 2456; x_wconf 70' lang='lat' dir='ltr'><strong>centini</strong></span> <span class='ocrx_word' id='word_1_213' title='bbox 727 2391 843 2468; x_wconf 90' lang='lat' dir='ltr'><strong>millia,</strong></span> <span class='ocrx_word' id='word_1_214' title='bbox 855 2390 945 2462; x_wconf 86' lang='lat' dir='ltr'><strong>mille</strong></span> <span class='ocrx_word' id='word_1_215' title='bbox 959 2407 1073 2466; x_wconf 86' lang='lat' dir='ltr'><strong>naves,</strong></span> <span class='ocrx_word' id='word_1_216' title='bbox 1085 2391 1119 2452; x_wconf 89' lang='lat' dir='ltr'><strong>et</strong></span> <span class='ocrx_word' id='word_1_217' title='bbox 1131 2388 1315 2470; x_wconf 87' lang='lat' dir='ltr'><strong>principum</strong></span> <span class='ocrx_word' id='word_1_218' title='bbox 1329 2387 1476 2451; x_wconf 88' lang='lat' dir='ltr'><strong>omnium</strong></span> <span class='ocrx_word' id='word_1_219' title='bbox 1522 2403 1525 2412; x_wconf 67' lang='lat'>¹</span> 
     </span>
     <span class='ocr_line' id='line_1_24' title="bbox 208 2472 1477 2558; baseline -0.002 -22"><span class='ocrx_word' id='word_1_220' title='bbox 208 2489 323 2536; x_wconf 89' lang='lat' dir='ltr'><strong>currus</strong></span> <span class='ocrx_word' id='word_1_221' title='bbox 341 2477 376 2535; x_wconf 84' lang='lat' dir='ltr'><strong>ot</strong></span> <span class='ocrx_word' id='word_1_222' title='bbox 397 2491 505 2556; x_wconf 88' lang='lat' dir='ltr'><strong>equos</strong></span> <span class='ocrx_word' id='word_1_223' title='bbox 529 2478 748 2554; x_wconf 70' lang='lat' dir='ltr'><strong>confluebant,</strong></span> <span class='ocrx_word' id='word_1_224' title='bbox 772 2493 964 2558; x_wconf 82' lang='lat' dir='ltr'><strong>nou-parvo</strong></span> <span class='ocrx_word' id='word_1_225' title='bbox 985 2473 1095 2556; x_wconf 86' lang='lat' dir='ltr'><strong>spatio</strong></span> <span class='ocrx_word' id='word_1_226' title='bbox 1115 2474 1193 2556; x_wconf 84' lang='lat' dir='ltr'><strong>ipsa</strong></span> <span class='ocrx_word' id='word_1_227' title='bbox 1214 2472 1477 2554; x_wconf 64' lang='lat' dir='ltr'><strong>confinebontum</strong></span> 
     </span>
     <span class='ocr_line' id='line_1_25' title="bbox 208 2556 1477 2704; baseline 0 -84"><span class='ocrx_word' id='word_1_228' title='bbox 208 2573 315 2704; x_wconf 48' lang='lat' dir='ltr'><strong><em>m</em></strong></span> <span class='ocrx_word' id='word_1_229' title='bbox 336 2557 426 2640; x_wconf 89' lang='lat' dir='ltr'><strong>quod</strong></span> <span class='ocrx_word' id='word_1_230' title='bbox 447 2559 530 2624; x_wconf 85' lang='lat' dir='ltr'><strong>inter</strong></span> <span class='ocrx_word' id='word_1_231' title='bbox 555 2579 597 2624; x_wconf 90' lang='lat' dir='ltr'><strong>ea</strong></span> <span class='ocrx_word' id='word_1_232' title='bbox 617 2567 651 2624; x_wconf 88' lang='lat' dir='ltr'><strong>et</strong></span> <span class='ocrx_word' id='word_1_233' title='bbox 670 2559 924 2625; x_wconf 86' lang='lat' dir='ltr'><strong>Bouruabaschi</strong></span> <span class='ocrx_word' id='word_1_234' title='bbox 935 2577 1107 2641; x_wconf 88' lang='lat' dir='ltr'><strong>superesse</strong></span> <span class='ocrx_word' id='word_1_235' title='bbox 1123 2561 1262 2640; x_wconf 90' lang='lat' dir='ltr'><strong>poterat,</strong></span> <span class='ocrx_word' id='word_1_236' title='bbox 1284 2556 1360 2638; x_wconf 91' lang='lat' dir='ltr'><strong>plus</strong></span> <span class='ocrx_word' id='word_1_237' title='bbox 1374 2573 1477 2638; x_wconf 82' lang='lat' dir='ltr'><strong>quarn</strong></span> 
     </span>
     <span class='ocr_line' id='line_1_26' title="bbox 305 2639 1477 2725; baseline -0.001 -21"><span class='ocrx_word' id='word_1_238' title='bbox 305 2641 375 2704; x_wconf 87' lang='lat' dir='ltr'><strong>&#39;ens</strong></span> <span class='ocrx_word' id='word_1_239' title='bbox 388 2641 434 2705; x_wconf 87' lang='lat' dir='ltr'><strong>ad</strong></span> <span class='ocrx_word' id='word_1_240' title='bbox 453 2643 573 2725; x_wconf 72' lang='lat' dir='ltr'><strong>proelio</strong></span> <span class='ocrx_word' id='word_1_241' title='bbox 583 2650 653 2708; x_wconf 87' lang='lat' dir='ltr'><strong>tam</strong></span> <span class='ocrx_word' id='word_1_242' title='bbox 666 2646 761 2710; x_wconf 81' lang='lat' dir='ltr'><strong>varia</strong></span> <span class='ocrx_word' id='word_1_243' title='bbox 773 2646 858 2709; x_wconf 88' lang='lat' dir='ltr'><strong>inter</strong></span> <span class='ocrx_word' id='word_1_244' title='bbox 870 2643 983 2707; x_wconf 84' lang='lat' dir='ltr'><strong>tentos</strong></span> <span class='ocrx_word' id='word_1_245' title='bbox 992 2643 1155 2706; x_wconf 84' lang='lat' dir='ltr'><strong>exercitus</strong></span> <span class='ocrx_word' id='word_1_246' title='bbox 1170 2639 1397 2706; x_wconf 77' lang='lat' dir='ltr'><strong>aestimandum</strong></span> <span class='ocrx_word' id='word_1_247' title='bbox 1410 2643 1477 2720; x_wconf 64' lang='lat' dir='ltr'><strong>estr</strong></span> 
     </span>
    </p>

    <p class='ocr_par' dir='ltr' id='par_1_3' title="bbox 207 2724 1479 3149">
     <span class='ocr_line' id='line_1_27' title="bbox 208 2724 1478 2813; baseline 0 -25"><span class='ocrx_word' id='word_1_248' title='bbox 208 2724 284 2788; x_wconf 82' lang='lat' dir='ltr'><strong>etsi</strong></span> <span class='ocrx_word' id='word_1_249' title='bbox 296 2725 334 2789; x_wconf 92' lang='lat' dir='ltr'><strong>id</strong></span> <span class='ocrx_word' id='word_1_250' title='bbox 347 2728 475 2811; x_wconf 74' lang='lat' dir='ltr'><strong>saepius</strong></span> <span class='ocrx_word' id='word_1_251' title='bbox 496 2730 532 2792; x_wconf 89' lang='lat' dir='ltr'><strong>in</strong></span> <span class='ocrx_word' id='word_1_252' title='bbox 553 2728 607 2794; x_wconf 92' lang='lat' dir='ltr'><strong>die</strong></span> <span class='ocrx_word' id='word_1_253' title='bbox 625 2736 793 2794; x_wconf 75' lang='lat' dir='ltr'><strong>transeam</strong></span> <span class='ocrx_word' id='word_1_254' title='bbox 812 2747 912 2813; x_wconf 88' lang='lat' dir='ltr'><strong>quam</strong></span> <span class='ocrx_word' id='word_1_255' title='bbox 935 2733 1120 2792; x_wconf 88' lang='lat' dir='ltr'><strong>nostrornm</strong></span> <span class='ocrx_word' id='word_1_256' title='bbox 1145 2731 1326 2808; x_wconf 83' lang='lat' dir='ltr'><strong>temporimi</strong></span> <span class='ocrx_word' id='word_1_257' title='bbox 1340 2726 1478 2790; x_wconf 79' lang='lat' dir='ltr'><strong>homun-</strong></span> 
     </span>
     <span class='ocr_line' id='line_1_28' title="bbox 207 2809 1478 2908; baseline -0.006 -28"><span class='ocrx_word' id='word_1_258' title='bbox 207 2809 274 2908; x_wconf 59' lang='lat' dir='ltr'><strong>esli</strong></span> <span class='ocrx_word' id='word_1_259' title='bbox 297 2813 440 2892; x_wconf 73' lang='lat' dir='ltr'><strong>possim,</strong></span> <span class='ocrx_word' id='word_1_260' title='bbox 464 2819 567 2896; x_wconf 87' lang='lat' dir='ltr'><strong>poeta</strong></span> <span class='ocrx_word' id='word_1_261' title='bbox 588 2815 746 2879; x_wconf 73' lang='lat' dir='ltr'><strong>ratium</strong></span> <span class='ocrx_word' id='word_1_262' title='bbox 760 2813 971 2878; x_wconf 82' lang='lat' dir='ltr'><strong>audientibus</strong></span> <span class='ocrx_word' id='word_1_263' title='bbox 986 2811 1118 2876; x_wconf 79' lang='lat' dir='ltr'><strong>reddere</strong></span> <span class='ocrx_word' id='word_1_264' title='bbox 1132 2829 1198 2874; x_wconf 91' lang='lat' dir='ltr'><strong>non</strong></span> <span class='ocrx_word' id='word_1_265' title='bbox 1210 2810 1374 2892; x_wconf 75' lang='lat' dir='ltr'><strong>neglexit,</strong></span> <span class='ocrx_word' id='word_1_266' title='bbox 1385 2825 1478 2892; x_wconf 73' lang='lat' dir='ltr'><strong>saepe</strong></span> 
     </span>
     <span class='ocr_line' id='line_1_29' title="bbox 211 2894 1479 2982; baseline -0.001 -24"><span class='ocrx_word' id='word_1_267' title='bbox 211 2895 419 2974; x_wconf 85' lang='lat' dir='ltr'><strong>inculcando,</strong></span> <span class='ocrx_word' id='word_1_268' title='bbox 448 2897 540 2982; x_wconf 88' lang='lat' dir='ltr'><strong>quod</strong></span> <span class='ocrx_word' id='word_1_269' title='bbox 561 2900 682 2981; x_wconf 71' lang='lat' dir='ltr'><strong>uulgus</strong></span> <span class='ocrx_word' id='word_1_270' title='bbox 706 2917 835 2982; x_wconf 83' lang='lat' dir='ltr'><strong>semper</strong></span> <span class='ocrx_word' id='word_1_271' title='bbox 862 2897 961 2961; x_wconf 78' lang='lat' dir='ltr'><strong>facile</strong></span> <span class='ocrx_word' id='word_1_272' title='bbox 988 2896 1136 2974; x_wconf 87' lang='lat' dir='ltr'><strong>credidit,</strong></span> <span class='ocrx_word' id='word_1_273' title='bbox 1163 2913 1282 2978; x_wconf 87' lang='lat' dir='ltr'><strong>nempe</strong></span> <span class='ocrx_word' id='word_1_274' title='bbox 1309 2894 1479 2977; x_wconf 81' lang='lat' dir='ltr'><strong>praeterita</strong></span> 
     </span>
     <span class='ocr_line' id='line_1_30' title="bbox 209 2979 1478 3068; baseline -0.001 -23"><span class='ocrx_word' id='word_1_275' title='bbox 209 2981 428 3063; x_wconf 80' lang='lat' dir='ltr'><strong>praesmtibus</strong></span> <span class='ocrx_word' id='word_1_276' title='bbox 439 2983 535 3065; x_wconf 75' lang='lat' dir='ltr'><strong>longe</strong></span> <span class='ocrx_word' id='word_1_277' title='bbox 547 2985 684 3049; x_wconf 85' lang='lat' dir='ltr'><strong>meliora</strong></span> <span class='ocrx_word' id='word_1_278' title='bbox 696 2984 811 3061; x_wconf 69' lang='lat' dir='ltr'><strong>fnium,</strong></span> <span class='ocrx_word' id='word_1_279' title='bbox 826 2989 859 3046; x_wconf 85' lang='lat' dir='ltr'><strong>et</strong></span> <span class='ocrx_word' id='word_1_280' title='bbox 867 2984 971 3059; x_wconf 83' lang='lat' dir='ltr'><strong>viros,</strong></span> <span class='ocrx_word' id='word_1_281' title='bbox 986 2983 1044 3068; x_wconf 90' lang='lat' dir='ltr'><strong>qui</strong></span> <span class='ocrx_word' id='word_1_282' title='bbox 1056 2981 1099 3045; x_wconf 92' lang='lat' dir='ltr'><strong>ad</strong></span> <span class='ocrx_word' id='word_1_283' title='bbox 1112 2980 1252 3063; x_wconf 86' lang='lat' dir='ltr'><strong>Trojam</strong></span> <span class='ocrx_word' id='word_1_284' title='bbox 1265 2979 1478 3062; x_wconf 64' lang='lat' dir='ltr'><strong>pugnassent,</strong></span> 
     </span>
     <span class='ocr_line' id='line_1_31' title="bbox 209 3067 1170 3149; baseline -0.003 -18"><span class='ocrx_word' id='word_1_285' title='bbox 209 3067 1170 3149; x_wconf 81' lang='lat' dir='ltr'><strong>omnessuiseculiviribusimmeneqnanbrmsuperasse.</strong></span> 
     </span>
    </p>

    <p class='ocr_par' dir='ltr' id='par_1_4' title="bbox 209 3147 1492 4669">
     <span class='ocr_line' id='line_1_32' title="bbox 251 3147 1479 3234; baseline -0.003 -19"><span class='ocrx_word' id='word_1_286' title='bbox 251 3150 293 3215; x_wconf 90' lang='lat' dir='ltr'><strong>lu</strong></span> <span class='ocrx_word' id='word_1_287' title='bbox 319 3152 415 3215; x_wconf 85' lang='lat' dir='ltr'><strong>terris</strong></span> <span class='ocrx_word' id='word_1_288' title='bbox 438 3159 506 3217; x_wconf 89' lang='lat' dir='ltr'><strong>tam</strong></span> <span class='ocrx_word' id='word_1_289' title='bbox 531 3154 686 3218; x_wconf 82' lang='lat' dir='ltr'><strong>uiolenter</strong></span> <span class='ocrx_word' id='word_1_290' title='bbox 712 3152 962 3234; x_wconf 78' lang='lat' dir='ltr'><strong>frequenterque</strong></span> <span class='ocrx_word' id='word_1_291' title='bbox 990 3150 1160 3213; x_wconf 86' lang='lat' dir='ltr'><strong>concussis</strong></span> <span class='ocrx_word' id='word_1_292' title='bbox 1187 3147 1272 3211; x_wconf 80' lang='lat' dir='ltr'><strong>aluei</strong></span> <span class='ocrx_word' id='word_1_293' title='bbox 1300 3151 1334 3212; x_wconf 90' lang='lat' dir='ltr'><strong>et</strong></span> <span class='ocrx_word' id='word_1_294' title='bbox 1361 3164 1479 3211; x_wconf 86' lang='lat' dir='ltr'><strong>cursus</strong></span> 
     </span>
     <span class='ocr_line' id='line_1_33' title="bbox 210 3230 1479 3322; baseline -0.002 -23"><span class='ocrx_word' id='word_1_295' title='bbox 210 3233 382 3299; x_wconf 84' lang='lat' dir='ltr'><strong>dominum</strong></span> <span class='ocrx_word' id='word_1_296' title='bbox 404 3256 497 3321; x_wconf 83' lang='lat' dir='ltr'><strong>saepe</strong></span> <span class='ocrx_word' id='word_1_297' title='bbox 520 3237 743 3322; x_wconf 77' lang='lat' dir='ltr'><strong>proculdubio</strong></span> <span class='ocrx_word' id='word_1_298' title='bbox 769 3236 886 3301; x_wconf 86' lang='lat' dir='ltr'><strong>mutati</strong></span> <span class='ocrx_word' id='word_1_299' title='bbox 913 3239 1000 3311; x_wconf 91' lang='lat' dir='ltr'><strong>sunt,</strong></span> <span class='ocrx_word' id='word_1_300' title='bbox 1028 3236 1076 3298; x_wconf 89' lang='lat' dir='ltr'><strong>ita</strong></span> <span class='ocrx_word' id='word_1_301' title='bbox 1103 3239 1140 3297; x_wconf 90' lang='lat' dir='ltr'><strong>ut</strong></span> <span class='ocrx_word' id='word_1_302' title='bbox 1167 3230 1335 3297; x_wconf 85' lang='lat' dir='ltr'><strong>hodiernis</strong></span> <span class='ocrx_word' id='word_1_303' title='bbox 1360 3250 1479 3313; x_wconf 84' lang='lat' dir='ltr'><strong>parum</strong></span> 
     </span>
     <span class='ocr_line' id='line_1_34' title="bbox 210 3315 1481 3406; baseline -0.002 -23"><span class='ocrx_word' id='word_1_304' title='bbox 210 3318 378 3383; x_wconf 80' lang='lat' dir='ltr'><strong>fidendum</strong></span> <span class='ocrx_word' id='word_1_305' title='bbox 391 3322 462 3399; x_wconf 78' lang='lat' dir='ltr'><strong>sit3</strong></span> <span class='ocrx_word' id='word_1_306' title='bbox 482 3341 589 3406; x_wconf 86' lang='lat' dir='ltr'><strong>neque</strong></span> <span class='ocrx_word' id='word_1_307' title='bbox 608 3322 738 3398; x_wconf 75' lang='lat' dir='ltr'><strong>bimuli,</strong></span> <span class='ocrx_word' id='word_1_308' title='bbox 761 3340 784 3384; x_wconf 89' lang='lat' dir='ltr'><strong>a</strong></span> <span class='ocrx_word' id='word_1_309' title='bbox 803 3320 955 3385; x_wconf 87' lang='lat' dir='ltr'><strong>barbaris</strong></span> <span class='ocrx_word' id='word_1_310' title='bbox 968 3318 1119 3394; x_wconf 81' lang='lat' dir='ltr'><strong>fortasse,</strong></span> <span class='ocrx_word' id='word_1_311' title='bbox 1134 3315 1326 3400; x_wconf 82' lang='lat' dir='ltr'><strong>quidirersi</strong></span> <span class='ocrx_word' id='word_1_312' title='bbox 1340 3316 1481 3380; x_wconf 84' lang='lat' dir='ltr'><strong>diversis</strong></span> 
     </span>
     <span class='ocr_line' id='line_1_35' title="bbox 209 3400 1481 3491; baseline -0.005 -22"><span class='ocrx_word' id='word_1_313' title='bbox 209 3404 344 3483; x_wconf 83' lang='lat' dir='ltr'><strong>seculis,</strong></span> <span class='ocrx_word' id='word_1_314' title='bbox 357 3411 391 3470; x_wconf 88' lang='lat' dir='ltr'><strong>et</strong></span> <span class='ocrx_word' id='word_1_315' title='bbox 403 3411 481 3469; x_wconf 90' lang='lat' dir='ltr'><strong>ante</strong></span> <span class='ocrx_word' id='word_1_316' title='bbox 488 3412 526 3470; x_wconf 89' lang='lat' dir='ltr'><strong>et</strong></span> <span class='ocrx_word' id='word_1_317' title='bbox 538 3413 617 3491; x_wconf 89' lang='lat' dir='ltr'><strong>post</strong></span> <span class='ocrx_word' id='word_1_318' title='bbox 628 3407 752 3470; x_wconf 89' lang='lat' dir='ltr'><strong>bellum</strong></span> <span class='ocrx_word' id='word_1_319' title='bbox 765 3403 1021 3481; x_wconf 89' lang='lat' dir='ltr'><strong>celeberrimiun,</strong></span> <span class='ocrx_word' id='word_1_320' title='bbox 1035 3408 1157 3466; x_wconf 89' lang='lat' dir='ltr'><strong>terram</strong></span> <span class='ocrx_word' id='word_1_321' title='bbox 1170 3420 1244 3465; x_wconf 84' lang='lat' dir='ltr'><strong>eam</strong></span> <span class='ocrx_word' id='word_1_322' title='bbox 1259 3400 1481 3482; x_wconf 82' lang='lat' dir='ltr'><strong>occupabant,</strong></span> 
     </span>
     <span class='ocr_line' id='line_1_36' title="bbox 211 3484 1482 3571; baseline -0.008 -14"><span class='ocrx_word' id='word_1_323' title='bbox 211 3492 372 3571; x_wconf 80' lang='lat' dir='ltr'><strong>congesti,</strong></span> <span class='ocrx_word' id='word_1_324' title='bbox 404 3492 441 3554; x_wconf 89' lang='lat' dir='ltr'><strong>in</strong></span> <span class='ocrx_word' id='word_1_325' title='bbox 467 3492 688 3555; x_wconf 61' lang='lat' dir='ltr'><strong>msfimoffiim</strong></span> <span class='ocrx_word' id='word_1_326' title='bbox 716 3489 844 3571; x_wconf 85' lang='lat' dir='ltr'><strong>aliquid</strong></span> <span class='ocrx_word' id='word_1_327' title='bbox 871 3486 993 3561; x_wconf 83' lang='lat' dir='ltr'><strong>valent,</strong></span> <span class='ocrx_word' id='word_1_328' title='bbox 1031 3491 1090 3549; x_wconf 89' lang='lat' dir='ltr'><strong>aut</strong></span> <span class='ocrx_word' id='word_1_329' title='bbox 1125 3484 1169 3547; x_wconf 89' lang='lat' dir='ltr'><strong>ad</strong></span> <span class='ocrx_word' id='word_1_330' title='bbox 1201 3486 1302 3559; x_wconf 84' lang='lat' dir='ltr'><strong>viros,</strong></span> <span class='ocrx_word' id='word_1_331' title='bbox 1342 3502 1482 3565; x_wconf 88' lang='lat' dir='ltr'><strong>quorum</strong></span> 
     </span>
     <span class='ocr_line' id='line_1_37' title="bbox 212 3566 1483 3657; baseline -0.006 -18"><span class='ocrx_word' id='word_1_332' title='bbox 212 3576 401 3639; x_wconf 89' lang='lat' dir='ltr'><strong>nominibus</strong></span> <span class='ocrx_word' id='word_1_333' title='bbox 433 3575 578 3657; x_wconf 78' lang='lat' dir='ltr'><strong>insigniti</strong></span> <span class='ocrx_word' id='word_1_334' title='bbox 603 3580 692 3652; x_wconf 85' lang='lat' dir='ltr'><strong>sunt,</strong></span> <span class='ocrx_word' id='word_1_335' title='bbox 728 3574 889 3657; x_wconf 87' lang='lat' dir='ltr'><strong>pertinere</strong></span> <span class='ocrx_word' id='word_1_336' title='bbox 916 3569 1087 3650; x_wconf 83' lang='lat' dir='ltr'><strong>videntur3</strong></span> <span class='ocrx_word' id='word_1_337' title='bbox 1136 3586 1246 3651; x_wconf 89' lang='lat' dir='ltr'><strong>neque</strong></span> <span class='ocrx_word' id='word_1_338' title='bbox 1274 3566 1483 3649; x_wconf 83' lang='lat' dir='ltr'><strong>sepulchrum</strong></span> 
     </span>
     <span class='ocr_line' id='line_1_38' title="bbox 213 3651 1482 3743; baseline -0.006 -20"><span class='ocrx_word' id='word_1_339' title='bbox 213 3656 257 3723; x_wconf 84' lang='lat' dir='ltr'><strong>lli</strong></span> <span class='ocrx_word' id='word_1_340' title='bbox 269 3665 338 3725; x_wconf 86' lang='lat' dir='ltr'><strong>tam</strong></span> <span class='ocrx_word' id='word_1_341' title='bbox 352 3678 447 3743; x_wconf 80' lang='lat' dir='ltr'><strong>saepe</strong></span> <span class='ocrx_word' id='word_1_342' title='bbox 460 3665 675 3724; x_wconf 86' lang='lat' dir='ltr'><strong>memoratum</strong></span> <span class='ocrx_word' id='word_1_343' title='bbox 684 3676 747 3742; x_wconf 90' lang='lat' dir='ltr'><strong>pro</strong></span> <span class='ocrx_word' id='word_1_344' title='bbox 761 3656 886 3720; x_wconf 77' lang='lat' dir='ltr'><strong>bimulo</strong></span> <span class='ocrx_word' id='word_1_345' title='bbox 899 3654 958 3718; x_wconf 91' lang='lat' dir='ltr'><strong>sed</strong></span> <span class='ocrx_word' id='word_1_346' title='bbox 971 3674 1033 3737; x_wconf 92' lang='lat' dir='ltr'><strong>pro</strong></span> <span class='ocrx_word' id='word_1_347' title='bbox 1048 3654 1202 3718; x_wconf 89' lang='lat' dir='ltr'><strong>columna</strong></span> <span class='ocrx_word' id='word_1_348' title='bbox 1214 3651 1401 3717; x_wconf 87' lang='lat' dir='ltr'><strong>habendum</strong></span> <span class='ocrx_word' id='word_1_349' title='bbox 1414 3656 1482 3731; x_wconf 81' lang='lat' dir='ltr'><strong>est3</strong></span> 
     </span>
     <span class='ocr_line' id='line_1_39' title="bbox 213 3736 1483 3835; baseline -0.006 -27"><span class='ocrx_word' id='word_1_350' title='bbox 213 3749 251 3808; x_wconf 83' lang='lat' dir='ltr'><strong>ut</strong></span> <span class='ocrx_word' id='word_1_351' title='bbox 271 3744 418 3811; x_wconf 73' lang='lat' dir='ltr'><strong>uufices</strong></span> <span class='ocrx_word' id='word_1_352' title='bbox 439 3750 579 3822; x_wconf 62' lang='lat' dir='ltr'><strong>umes,</strong></span> <span class='ocrx_word' id='word_1_353' title='bbox 649 3743 735 3806; x_wconf 86' lang='lat' dir='ltr'><strong>‘res</strong></span> <span class='ocrx_word' id='word_1_354' title='bbox 763 3744 875 3822; x_wconf 76' lang='lat' dir='ltr'><strong>gestas</strong></span> <span class='ocrx_word' id='word_1_355' title='bbox 904 3738 1075 3821; x_wconf 86' lang='lat' dir='ltr'><strong>lapidibus</strong></span> <span class='ocrx_word' id='word_1_356' title='bbox 1103 3737 1243 3835; x_wconf 85' lang='lat' dir='ltr'><strong>sculptis</strong></span> <span class='ocrx_word' id='word_1_357' title='bbox 1269 3736 1483 3811; x_wconf 85' lang='lat' dir='ltr'><strong>exhibebant,</strong></span> 
     </span>
     <span class='ocr_line' id='line_1_40' title="bbox 214 3764 1483 3913; baseline -0.007 -20"><span class='ocrx_word' id='word_1_358' title='bbox 214 3831 346 3895; x_wconf 80' lang='lat' dir='ltr'><strong>ormuno</strong></span> <span class='ocrx_word' id='word_1_359' title='bbox 359 3834 572 3913; x_wconf 89' lang='lat' dir='ltr'><strong>acceperunt.</strong></span> <span class='ocrx_word' id='word_1_360' title='bbox 595 3764 661 3891; x_wconf 48' lang='grc' dir='ltr'><strong>βω</strong></span> <span class='ocrx_word' id='word_1_361' title='bbox 716 3844 775 3891; x_wconf 89' lang='lat' dir='ltr'><strong>eas</strong></span> <span class='ocrx_word' id='word_1_362' title='bbox 784 3842 838 3889; x_wconf 89' lang='lat' dir='ltr'><strong>res</strong></span> <span class='ocrx_word' id='word_1_363' title='bbox 847 3822 892 3887; x_wconf 90' lang='lat' dir='ltr'><strong>ad</strong></span> <span class='ocrx_word' id='word_1_364' title='bbox 904 3822 1065 3899; x_wconf 87' lang='lat' dir='ltr'><strong>locorum,</strong></span> <span class='ocrx_word' id='word_1_365' title='bbox 1079 3825 1115 3886; x_wconf 92' lang='lat' dir='ltr'><strong>in</strong></span> <span class='ocrx_word' id='word_1_366' title='bbox 1129 3822 1250 3904; x_wconf 85' lang='lat' dir='ltr'><strong>quibus</strong></span> <span class='ocrx_word' id='word_1_367' title='bbox 1260 3826 1364 3903; x_wconf 81' lang='lat' dir='ltr'><strong>gestae</strong></span> <span class='ocrx_word' id='word_1_368' title='bbox 1378 3826 1483 3897; x_wconf 81' lang='lat' dir='ltr'><strong>erant,</strong></span> 
     </span>
     <span class='ocr_line' id='line_1_41' title="bbox 216 3904 1484 3998; baseline -0.008 -19"><span class='ocrx_word' id='word_1_369' title='bbox 216 3915 359 3998; x_wconf 73' lang='lat' dir='ltr'><strong>speei-</strong></span> <span class='ocrx_word' id='word_1_370' title='bbox 381 3921 416 3978; x_wconf 93' lang='lat' dir='ltr'><strong>et</strong></span> <span class='ocrx_word' id='word_1_371' title='bbox 435 3919 588 3978; x_wconf 89' lang='lat' dir='ltr'><strong>naturam</strong></span> <span class='ocrx_word' id='word_1_372' title='bbox 605 3913 654 3976; x_wconf 87' lang='lat' dir='ltr'><strong>ita</strong></span> <span class='ocrx_word' id='word_1_373' title='bbox 676 3908 963 3985; x_wconf 79' lang='lat' dir='ltr'><strong>accommodabat,</strong></span> <span class='ocrx_word' id='word_1_374' title='bbox 982 3914 1021 3972; x_wconf 92' lang='lat' dir='ltr'><strong>ut</strong></span> <span class='ocrx_word' id='word_1_375' title='bbox 1035 3906 1125 3990; x_wconf 88' lang='lat' dir='ltr'><strong>apud</strong></span> <span class='ocrx_word' id='word_1_376' title='bbox 1138 3904 1319 3983; x_wconf 87' lang='lat' dir='ltr'><strong>auditores,</strong></span> <span class='ocrx_word' id='word_1_377' title='bbox 1333 3906 1484 3969; x_wconf 84' lang='lat' dir='ltr'><strong>homines</strong></span> 
     </span>
     <span class='ocr_line' id='line_1_42' title="bbox 215 3988 1485 4080; baseline -0.009 -17"><span class='ocrx_word' id='word_1_378' title='bbox 215 3998 314 4063; x_wconf 89' lang='lat' dir='ltr'><strong>rudes</strong></span> <span class='ocrx_word' id='word_1_379' title='bbox 339 4005 384 4063; x_wconf 19' lang='lat' dir='ltr'><strong>etr</strong></span> <span class='ocrx_word' id='word_1_380' title='bbox 400 4004 557 4080; x_wconf 77' lang='lat' dir='ltr'><strong>agrestes,</strong></span> <span class='ocrx_word' id='word_1_381' title='bbox 586 4001 622 4060; x_wconf 93' lang='lat' dir='ltr'><strong>at</strong></span> <span class='ocrx_word' id='word_1_382' title='bbox 648 4014 763 4061; x_wconf 87' lang='lat' dir='ltr'><strong>earum</strong></span> <span class='ocrx_word' id='word_1_383' title='bbox 786 4000 897 4058; x_wconf 86' lang='lat' dir='ltr'><strong>tamen</strong></span> <span class='ocrx_word' id='word_1_384' title='bbox 918 3991 1003 4056; x_wconf 84' lang='lat' dir='ltr'><strong>satis</strong></span> <span class='ocrx_word' id='word_1_385' title='bbox 1033 4009 1164 4072; x_wconf 81' lang='lat' dir='ltr'><strong>gnaros,</strong></span> <span class='ocrx_word' id='word_1_386' title='bbox 1199 3988 1282 4053; x_wconf 85' lang='lat' dir='ltr'><strong>fides</strong></span> <span class='ocrx_word' id='word_1_387' title='bbox 1308 3989 1485 4066; x_wconf 82' lang='lat' dir='ltr'><strong>narrationi</strong></span> 
     </span>
     <span class='ocr_line' id='line_1_43' title="bbox 217 4072 1486 4171; baseline -0.009 -20"><span class='ocrx_word' id='word_1_388' title='bbox 217 4081 402 4163; x_wconf 76' lang='lat' dir='ltr'><strong>liaberetur3</strong></span> <span class='ocrx_word' id='word_1_389' title='bbox 430 4081 513 4146; x_wconf 89' lang='lat' dir='ltr'><strong>fides</strong></span> <span class='ocrx_word' id='word_1_390' title='bbox 540 4086 650 4146; x_wconf 87' lang='lat' dir='ltr'><strong>autem</strong></span> <span class='ocrx_word' id='word_1_391' title='bbox 675 4077 795 4171; x_wconf 76' lang='lat' dir='ltr'><strong>poetico</strong></span> <span class='ocrx_word' id='word_1_392' title='bbox 814 4077 927 4161; x_wconf 89' lang='lat' dir='ltr'><strong>potius</strong></span> <span class='ocrx_word' id='word_1_393' title='bbox 954 4094 1056 4159; x_wconf 90' lang='lat' dir='ltr'><strong>quam</strong></span> <span class='ocrx_word' id='word_1_394' title='bbox 1078 4072 1236 4153; x_wconf 77' lang='lat' dir='ltr'><strong>historica,</strong></span> <span class='ocrx_word' id='word_1_395' title='bbox 1268 4078 1382 4157; x_wconf 87' lang='lat' dir='ltr'><strong>utpote</strong></span> <span class='ocrx_word' id='word_1_396' title='bbox 1408 4090 1486 4157; x_wconf 77' lang='lat' dir='ltr'><strong>quie</strong></span> 
     </span>
     <span class='ocr_line' id='line_1_44' title="bbox 218 4158 1487 4251; baseline -0.006 -19"><span class='ocrx_word' id='word_1_397' title='bbox 218 4166 396 4232; x_wconf 63' lang='lat' dir='ltr'><strong>emunito</strong></span> <span class='ocrx_word' id='word_1_398' title='bbox 415 4186 478 4251; x_wconf 91' lang='lat' dir='ltr'><strong>pro</strong></span> <span class='ocrx_word' id='word_1_399' title='bbox 500 4158 585 4231; x_wconf 80' lang='lat' dir='ltr'><strong>vero&#39;</strong></span> <span class='ocrx_word' id='word_1_400' title='bbox 600 4162 737 4229; x_wconf 85' lang='lat' dir='ltr'><strong>libenter</strong></span> <span class='ocrx_word' id='word_1_401' title='bbox 758 4163 937 4245; x_wconf 83' lang='lat' dir='ltr'><strong>acciperet.</strong></span> <span class='ocrx_word' id='word_1_402' title='bbox 988 4158 1252 4225; x_wconf 74' lang='lat' dir='ltr'><strong>verisimilitudo</strong></span> <span class='ocrx_word' id='word_1_403' title='bbox 1277 4164 1397 4237; x_wconf 87' lang='lat' dir='ltr'><strong>antem,</strong></span> <span class='ocrx_word' id='word_1_404' title='bbox 1425 4178 1487 4243; x_wconf 91' lang='lat' dir='ltr'><strong>pro</strong></span> 
     </span>
     <span class='ocr_line' id='line_1_45' title="bbox 216 4243 1489 4335; baseline -0.007 -19"><span class='ocrx_word' id='word_1_405' title='bbox 216 4252 423 4335; x_wconf 60' lang='lat' dir='ltr'><strong>nubentium</strong></span> <span class='ocrx_word' id='word_1_406' title='bbox 447 4255 550 4334; x_wconf 88' lang='lat' dir='ltr'><strong>captu</strong></span> <span class='ocrx_word' id='word_1_407' title='bbox 568 4254 603 4315; x_wconf 93' lang='lat' dir='ltr'><strong>et</strong></span> <span class='ocrx_word' id='word_1_408' title='bbox 622 4248 752 4333; x_wconf 85' lang='lat' dir='ltr'><strong>judicio</strong></span> <span class='ocrx_word' id='word_1_409' title='bbox 764 4266 894 4333; x_wconf 85' lang='lat' dir='ltr'><strong>semper</strong></span> <span class='ocrx_word' id='word_1_410' title='bbox 907 4250 940 4310; x_wconf 89' lang='lat' dir='ltr'><strong>et</strong></span> <span class='ocrx_word' id='word_1_411' title='bbox 953 4246 1085 4328; x_wconf 89' lang='lat' dir='ltr'><strong>ubique,</strong></span> <span class='ocrx_word' id='word_1_412' title='bbox 1100 4250 1168 4309; x_wconf 88' lang='lat' dir='ltr'><strong>tam</strong></span> <span class='ocrx_word' id='word_1_413' title='bbox 1180 4244 1215 4307; x_wconf 89' lang='lat' dir='ltr'><strong>in</strong></span> <span class='ocrx_word' id='word_1_414' title='bbox 1227 4243 1375 4309; x_wconf 91' lang='lat' dir='ltr'><strong>locorum</strong></span> <span class='ocrx_word' id='word_1_415' title='bbox 1389 4262 1489 4328; x_wconf 87' lang='lat' dir='ltr'><strong>quain</strong></span> 
     </span>
     <span class='ocr_line' id='line_1_46' title="bbox 222 4330 1491 4418; baseline -0.005 -19"><span class='ocrx_word' id='word_1_416' title='bbox 222 4336 256 4399; x_wconf 90' lang='lat' dir='ltr'><strong>in</strong></span> <span class='ocrx_word' id='word_1_417' title='bbox 270 4356 381 4413; x_wconf 54' lang='lat' dir='ltr'><strong>‚reriun</strong></span> <span class='ocrx_word' id='word_1_418' title='bbox 410 4342 575 4418; x_wconf 85' lang='lat' dir='ltr'><strong>gestorum</strong></span> <span class='ocrx_word' id='word_1_419' title='bbox 603 4334 822 4417; x_wconf 77' lang='lat' dir='ltr'><strong>congruentia,</strong></span> <span class='ocrx_word' id='word_1_420' title='bbox 841 4330 995 4413; x_wconf 72' lang='lat' dir='ltr'><strong>religiose</strong></span> <span class='ocrx_word' id='word_1_421' title='bbox 1024 4334 1253 4407; x_wconf 66' lang='lat' dir='ltr'><strong>conservatum</strong></span> <span class='ocrx_word' id='word_1_422' title='bbox 1290 4334 1389 4411; x_wconf 84' lang='lat' dir='ltr'><strong>atque</strong></span> <span class='ocrx_word' id='word_1_423' title='bbox 1415 4344 1491 4393; x_wconf 85' lang='lat' dir='ltr'><strong>eam</strong></span> 
     </span>
     <span class='ocr_line' id='line_1_47' title="bbox 222 4411 1491 4504; baseline -0.011 -16"><span class='ocrx_word' id='word_1_424' title='bbox 222 4423 365 4495; x_wconf 78' lang='lat' dir='ltr'><strong>earmina</strong></span> <span class='ocrx_word' id='word_1_425' title='bbox 385 4419 486 4503; x_wconf 63' lang='lat' dir='ltr'><strong>ipsa,</strong></span> <span class='ocrx_word' id='word_1_426' title='bbox 508 4420 552 4484; x_wconf 89' lang='lat' dir='ltr'><strong>ab</strong></span> <span class='ocrx_word' id='word_1_427' title='bbox 580 4418 885 4504; x_wconf 88' lang='lat' dir='ltr'><strong>interpolationibus</strong></span> <span class='ocrx_word' id='word_1_428' title='bbox 908 4420 1095 4500; x_wconf 69' lang='lat' dir='ltr'><strong>repurgata,</strong></span> <span class='ocrx_word' id='word_1_429' title='bbox 1121 4414 1237 4481; x_wconf 89' lang='lat' dir='ltr'><strong>lectori</strong></span> <span class='ocrx_word' id='word_1_430' title='bbox 1264 4412 1385 4477; x_wconf 89' lang='lat' dir='ltr'><strong>idoneo</strong></span> <span class='ocrx_word' id='word_1_431' title='bbox 1411 4411 1491 4485; x_wconf 78' lang='lat' dir='ltr'><strong>satis</strong></span> 
     </span>
     <span class='ocr_line' id='line_1_48' title="bbox 221 4506 1492 4669; baseline -0.009 -14"><span class='ocrx_word' id='word_1_432' title='bbox 221 4506 600 4655; x_wconf 42' lang='lat' dir='ltr'><strong>Wffifflfflaiie</strong></span> <span class='ocrx_word' id='word_1_433' title='bbox 627 4588 673 4653; x_wconf 91' lang='lat' dir='ltr'><strong>sit</strong></span> <span class='ocrx_word' id='word_1_434' title='bbox 696 4589 732 4653; x_wconf 88' lang='lat' dir='ltr'><strong>ln</strong></span> <span class='ocrx_word' id='word_1_435' title='bbox 751 4586 916 4654; x_wconf 86' lang='lat' dir='ltr'><strong>nomrullis</strong></span> <span class='ocrx_word' id='word_1_436' title='bbox 937 4582 1122 4669; x_wconf 85' lang='lat' dir='ltr'><strong>mythomm</strong></span> <span class='ocrx_word' id='word_1_437' title='bbox 1143 4586 1176 4647; x_wconf 87' lang='lat' dir='ltr'><strong>et</strong></span> <span class='ocrx_word' id='word_1_438' title='bbox 1197 4599 1365 4647; x_wconf 85' lang='lat' dir='ltr'><strong>sacrorum</strong></span> <span class='ocrx_word' id='word_1_439' title='bbox 1393 4578 1492 4656; x_wconf 86' lang='lat' dir='ltr'><strong>ratio,</strong></span> 
     </span>
    </p>
   </div>
   <div class='ocr_carea' id='block_1_3' title="bbox 222 4664 1531 4928">
    <p class='ocr_par' dir='ltr' id='par_1_5' title="bbox 222 4664 1531 4928">
     <span class='ocr_line' id='line_1_49' title="bbox 222 4664 1496 4815; baseline -0.01 -73"><span class='ocrx_word' id='word_1_440' title='bbox 222 4670 385 4758; x_wconf 76' lang='lat' dir='ltr'><strong>Odysseae</strong></span> <span class='ocrx_word' id='word_1_441' title='bbox 406 4679 526 4753; x_wconf 75' lang='lat' dir='ltr'><strong>tamen</strong></span> <span class='ocrx_word' id='word_1_442' title='bbox 547 4674 761 4741; x_wconf 89' lang='lat' dir='ltr'><strong>nihilomiuus</strong></span> <span class='ocrx_word' id='word_1_443' title='bbox 787 4692 888 4759; x_wconf 86' lang='lat' dir='ltr'><strong>quem</strong></span> <span class='ocrx_word' id='word_1_444' title='bbox 912 4668 1031 4738; x_wconf 85' lang='lat' dir='ltr'><strong>Iliadis</strong></span> <span class='ocrx_word' id='word_1_445' title='bbox 1053 4668 1192 4745; x_wconf 85' lang='lat' dir='ltr'><strong>auctori,</strong></span> <span class='ocrx_word' id='word_1_446' title='bbox 1214 4666 1357 4815; x_wconf 58' lang='grc' dir='ltr'><strong>ιιιὲειὶει</strong></span> <span class='ocrx_word' id='word_1_447' title='bbox 1376 4664 1439 4731; x_wconf 90' lang='lat' dir='ltr'><strong>illa</strong></span> <span class='ocrx_word' id='word_1_448' title='bbox 1452 4670 1496 4729; x_wconf 85' lang='lat' dir='ltr'><strong>et</strong></span> 
     </span>
     <span class='ocr_line' id='line_1_50' title="bbox 222 4752 1496 4843; baseline -0.009 -17"><span class='ocrx_word' id='word_1_449' title='bbox 222 4758 409 4841; x_wconf 73' lang='lat' dir='ltr'><strong>symbolica</strong></span> <span class='ocrx_word' id='word_1_450' title='bbox 429 4764 636 4842; x_wconf 85' lang='lat' dir='ltr'><strong>posterorum</strong></span> <span class='ocrx_word' id='word_1_451' title='bbox 658 4758 774 4843; x_wconf 69' lang='lat' dir='ltr'><strong>religio</strong></span> <span class='ocrx_word' id='word_1_452' title='bbox 797 4775 930 4843; x_wconf 89' lang='lat' dir='ltr'><strong>prorsus</strong></span> <span class='ocrx_word' id='word_1_453' title='bbox 950 4757 1066 4837; x_wconf 74' lang='lat' dir='ltr'><strong>ignota</strong></span> <span class='ocrx_word' id='word_1_454' title='bbox 1085 4752 1189 4819; x_wconf 83' lang='lat' dir='ltr'><strong>luisse</strong></span> <span class='ocrx_word' id='word_1_455' title='bbox 1208 4752 1245 4817; x_wconf 83' lang='lat' dir='ltr'><strong>vi</strong></span> <span class='ocrx_word' id='word_1_456' title='bbox 1267 4756 1361 4829; x_wconf 81' lang='lat' dir='ltr'><strong>etiir3</strong></span> <span class='ocrx_word' id='word_1_457' title='bbox 1388 4767 1496 4833; x_wconf 83' lang='lat' dir='ltr'><strong>neque</strong></span> 
     </span>
     <span class='ocr_line' id='line_1_51' title="bbox 222 4835 1531 4928; baseline -0.008 -20"><span class='ocrx_word' id='word_1_458' title='bbox 222 4842 273 4907; x_wconf 91' lang='lat' dir='ltr'><strong>dii</strong></span> <span class='ocrx_word' id='word_1_459' title='bbox 292 4863 338 4909; x_wconf 87' lang='lat' dir='ltr'><strong>ex</strong></span> <span class='ocrx_word' id='word_1_460' title='bbox 355 4863 398 4909; x_wconf 84' lang='lat' dir='ltr'><strong>es</strong></span> <span class='ocrx_word' id='word_1_461' title='bbox 417 4845 492 4925; x_wconf 90' lang='lat' dir='ltr'><strong>orti,</strong></span> <span class='ocrx_word' id='word_1_462' title='bbox 513 4842 570 4911; x_wconf 83' lang='lat' dir='ltr'><strong>rel</strong></span> <span class='ocrx_word' id='word_1_463' title='bbox 593 4842 637 4909; x_wconf 85' lang='lat' dir='ltr'><strong>ad</strong></span> <span class='ocrx_word' id='word_1_464' title='bbox 660 4862 735 4909; x_wconf 87' lang='lat' dir='ltr'><strong>eum</strong></span> <span class='ocrx_word' id='word_1_465' title='bbox 757 4842 976 4928; x_wconf 59' lang='lat' dir='ltr'><strong>pertinentem</strong></span> <span class='ocrx_word' id='word_1_466' title='bbox 997 4843 1035 4901; x_wconf 89' lang='lat' dir='ltr'><strong>ut</strong></span> <span class='ocrx_word' id='word_1_467' title='bbox 1051 4838 1137 4919; x_wconf 85' lang='lat' dir='ltr'><strong>Pan,</strong></span> <span class='ocrx_word' id='word_1_468' title='bbox 1159 4837 1301 4915; x_wconf 84' lang='lat' dir='ltr'><strong>Silenus,</strong></span> <span class='ocrx_word' id='word_1_469' title='bbox 1327 4835 1495 4911; x_wconf 84' lang='lat' dir='ltr'><strong>Bacchus,</strong></span> <span class='ocrx_word' id='word_1_470' title='bbox 1527 4905 1531 4913; x_wconf 19' lang='grc' dir='ltr'><em>Α</em></span> 
     </span>
    </p>
   </div>
   <div class='ocr_carea' id='block_1_4' title="bbox 231 5008 1478 5050">
    <p class='ocr_par' dir='ltr' id='par_1_6' title="bbox 231 5008 1478 5050">
     <span class='ocr_line' id='line_1_52' title="bbox 231 5008 1478 5050; baseline -0.009 -7"><span class='ocrx_word' id='word_1_471' title='bbox 231 5008 1478 5050; x_wconf 53' lang='lat' dir='ltr'><strong>ww</strong></span> 
     </span>
    </p>
   </div>
   <div class='ocr_carea' id='block_1_5' title="bbox 817 5133 915 5191">
    <p class='ocr_par' dir='ltr' id='par_1_7' title="bbox 817 5133 915 5191">
     <span class='ocr_line' id='line_1_53' title="bbox 817 5133 915 5191; baseline -0.031 0"><span class='ocrx_word' id='word_1_472' title='bbox 817 5145 827 5176; x_wconf 81' lang='lat'><em>¹</em></span> <span class='ocrx_word' id='word_1_473' title='bbox 840 5133 874 5191; x_wconf 82' lang='lat' dir='ltr'><strong>ii.</strong></span> <span class='ocrx_word' id='word_1_474' title='bbox 885 5142 915 5188; x_wconf 85' lang='lat' dir='ltr'><strong>e.</strong></span> 
     </span>
    </p>
   </div>
   <div class='ocr_carea' id='block_1_6' title="bbox 0 0 1951 5972">
    <p class='ocr_par' dir='ltr' id='par_1_8' title="bbox 0 0 1951 5972">
     <span class='ocr_line' id='line_1_54' title="bbox 0 0 1951 5972; baseline 0 0"><span class='ocrx_word' id='word_1_475' title='bbox 0 0 1951 5972; x_wconf 95' lang='lat' dir='ltr'><strong> </strong></span> 
     </span>
    </p>
   </div>
  </div>
 </body>
</html>
