3825 5975
441 439 493 508 36
568 443 572 453 ’
642 404 645 410 ¹
951 434 1205 531 Prolegomeno

443 622 562 688 porum
582 604 731 670 hominos
744 623 850 689 neque
869 605 991 682 lexica,
1012 607 1118 689 neque
1140 603 1365 688 grmnmatica,
1387 622 1493 687 neque
1506 603 1611 669 libros
1624 605 1712 672 ullos
1840 673 1848 692 ,

443 689 631 772 habebant3
652 695 864 774 quapropter,
886 691 918 752 si
930 696 1033 773 poeta
1046 693 1150 756 verba
1170 690 1313 767 insolita,
1337 694 1395 754 aut
1416 688 1535 754 modos
1554 687 1711 774 loquendi

441 775 488 839 ab
500 793 565 839 usu
575 777 740 840 communi
754 775 980 852 abhorrentes,
996 776 1032 839 in
1043 777 1241 840 carminibus
1251 778 1455 858 bsurpasset,
1469 792 1567 839 nemo
1583 776 1711 842 audito-

445 879 518 924 rum
532 860 751 924 intellecturus
764 861 891 925 fui'sset.
1054 879 1059 890 ·
1085 880 1101 918 .·
1257 861 1260 868 “
1288 903 1289 908 κ

445 987 452 998 .
491 960 612 1009 nxxn
625 945 714 1009 Haec
739 951 847 1010 tamen
861 947 984 1028 lingum,
1011 965 1111 1028 quum
1133 947 1277 1010 ommino
1290 944 1564 1026 litterisprimmn
1576 945 1712 1010 manda·
1728 949 1731 956 '

443 1031 574 1107 hanan,
592 1030 787 1114 jamdudum
801 1031 1007 1112 exoleverat3
1030 1032 1216 1115 quaevenit
1229 1029 1435 1111 utrhapsodi
1446 1031 1711 1112 etgrammcnci,

445 1117 504 1198 qui
517 1134 559 1178 ea
573 1115 624 1179 sic
639 1116 839 1198 redegerunt,
863 1137 964 1198 quum
977 1136 1084 1198 neque
1096 1115 1241 1180 indolem
1253 1135 1360 1198 neque
1372 1114 1511 1179 sormam
1523 1114 1597 1197 ejus
1611 1116 1711 1199 plane

444 1206 650 1284 perspectam
662 1201 830 1278 haberent,
856 1203 968 1266 omnia
988 1202 1032 1264 ad
1045 1219 1124 1266 suas
1139 1202 1287 1284 ipsorum
1309 1199 1633 1280 dialectosvrdgares
1646 1195 1712 1266 nt-
1811 1241 1816 1249 ·

448 1284 601 1351 duxerint
616 1307 625 1365 3
644 1291 743 1367 atque
755 1289 885 1367 quoties
903 1305 1059 1350 versuum
1074 1305 1236 1350 mensurae
1247 1284 1367 1350 modos
1378 1285 1535 1366 loquendi
1548 1285 1714 1366 longiores

443 1370 499 1434 vel
512 1369 675 1452 pleniores
700 1369 933 1449 desiderarent,
946 1371 1045 1436 toties
1065 1371 1231 1436 licentiam
1245 1370 1345 1434 istam
1382 1425 1383 1428 ,
1424 1369 1524 1432 ticam
1545 1371 1714 1452 excogita·

443 1455 620 1533 variatae
640 1455 753 1520 litteris
777 1457 924 1520 insititiis
948 1458 1057 1520 hiatus
1077 1455 1318 1538 suppleverint:
1342 1389 1455 1519 dedda
1468 1455 1553 1518 enim
1575 1461 1712 1544 veteres,

446 1558 549 1621 quum
569 1542 716 1604 omnium
730 1547 915 1607 exteramm
939 1542 1120 1622 linguarum
1136 1540 1306 1617 incuriosi,
1331 1543 1399 1604 tum
1421 1541 1549 1624 insitae
1565 1541 1713 1623 propria

341 1620 343 1623 ’
445 1625 558 1706 prisca
571 1626 682 1690 indole
700 1632 737 1690 et
746 1627 929 1708 originibus
949 1625 1145 1708 indagandis
1170 1627 1278 1690 minus
1298 1623 1404 1688 seduli
1418 1629 1452 1688 et
1473 1624 1588 1688 attenti
1601 1625 1714 1706 fuere3
1830 1675 1834 1682 .

425 1708 494 1772 -ita
514 1714 551 1773 nt
569 1710 780 1794 Thucydides
798 1718 832 1775 et
845 1709 1055 1788 Aristoteles,
1070 1711 1132 1774 viri
1146 1712 1308 1788 acumine,
1321 1710 1471 1786 scientia,
1486 1715 1520 1774 et
1533 1709 1715 1775 eruditione

444 1791 544 1858 facile
549 1795 737 1879 principes,
751 1797 841 1860 haud
853 1797 947 1862 aliter
960 1797 994 1860 in
1007 1796 1071 1860 hac
1085 1799 1120 1860 r'e
1131 1797 1330 1874 caecutirent,
1342 1813 1447 1877 ‘quam
1461 1794 1571 1876 quivis
1583 1814 1603 1858 c
1617 1794 1715 1861 triuio

448 1878 599 1962 sophista
610 1881 664 1945 vel
679 1882 874 1964 rhapsodus.

446 1994 453 2008 ·
489 1975 619 2030 nxxrr.
642 1965 843 2031 Incredibile
869 1967 1015 2050 cuipiam
1030 1967 1169 2036 tortasse
1195 1965 1372 2043 videbitur,
1401 1983 1522 2047 poema
1549 1965 1717 2030 amatissi-

445 2067 548 2125 mnm,
578 2056 612 2114 ct
638 2051 821 2132 omnigenae
849 2052 1043 2134 eloquentiae
1073 2055 1188 2133 gratiis
1217 2071 1258 2116 ac
1286 2050 1459 2117 viaunbns
1487 2050 1649 2128 refertum,
1679 2051 1715 2114 in

444 2132 559 2214 lingua
572 2140 640 2198 tam
653 2135 788 2200 exculta
801 2137 1022 2219 compositum
1036 2155 1110 2200 esse
1126 2142 1301 2200 sexcentos
1316 2151 1420 2198 annos
1441 2139 1616 2216 antequam
1629 2135 1717 2200 ullus

445 2234 555 2300 prosae
585 2221 744 2282 orationis
758 2222 898 2302 scriptor
912 2221 1089 2283 extitisset.
1133 2219 1181 2282 At
1194 2217 1352 2300 quamdiu
1365 2235 1447 2280 usus
1460 2219 1648 2296 litterarum,
1672 2219 1716 2284 ob

446 2302 618 2383 muriam
632 2305 779 2368 materiae
793 2304 837 2367 ad
852 2304 1062 2367 scribendum
1077 2308 1179 2386 aptae,
1194 2303 1230 2364 in
1241 2302 1361 2384 paucis
1375 2305 1502 2364 tantum
1513 2306 1546 2364 et
1559 2302 1718 2378 brevibus

445 2386 548 2449 titulis
562 2387 596 2448 in
609 2386 788 2471 lapidibus,
813 2393 872 2452 aut
882 2389 1005 2452 tabulis
1030 2387 1158 2468 ligneis,
1185 2390 1241 2450 aut
1264 2386 1396 2449 laminis
1422 2386 1550 2468 plumbi
1571 2387 1625 2450 vel
1639 2391 1718 2452 aeris

446 2470 634 2553 insculptis,
661 2473 770 2550 haesit,
797 2471 957 2555 quidquid
972 2472 1013 2536 de
1034 2473 1187 2537 laudibus
1203 2471 1349 2546 deorum,
1371 2469 1506 2535 heroum
1524 2471 1634 2548 factis
1661 2478 1719 2537 aut

447 2556 623 2636 sapientire
638 2559 826 2640 praeceptis,
847 2559 998 2620 uberiore
1012 2558 1134 2640 eloquii
1149 2575 1247 2621 cursu
1260 2555 1448 2632 traderetru,
1472 2556 1623 2619 versibus
1639 2576 1718 2621 corr-

448 2638 518 2711 ,dire
531 2642 665 2704 solenne
677 2648 759 2719 erat,
775 2649 811 2706 ut
824 2642 958 2705 facilius
972 2643 1132 2705 memoria
1144 2646 1319 2720 teneretur;
1335 2645 1435 2723 atque
1448 2642 1497 2704 ita¹
1509 2659 1568 2724 per
1581 2642 1720 2725 rhapso-

351 2757 355 2763 .
448 2723 526 2802 dos,
536 2727 642 2808 qui-ct
666 2727 824 2791 librorum
837 2731 870 2790 et
894 2727 1099 2790 librationum
1114 2727 1188 2790 vice
1210 2731 1286 2789 tunc
1309 2725 1538 2806 fungebantur,
1560 2726 1596 2788 in
1609 2727 1718 2809 publi-

446 2827 524 2878 cum
537 2811 695 2893 prodiret.
741 2811 860 2875 Musas
884 2811 961 2875 ideo
985 2829 1050 2874 nou
1075 2810 1262 2895 Phantasiae
1277 2830 1382 2892 neque
1407 2809 1610 2874 Inventionis
1630 2811 1717 2876 filias

448 2912 534 2973 esse,
564 2897 623 2959 sed
652 2896 836 2974 Memoriae,
864 2896 1095 2978 mythographi
1122 2897 1267 2975 tinxere3
1300 2900 1334 2959 et
1359 2902 1460 2977 poeta
1488 2915 1545 2959 eas
1571 2896 1719 2961 maxima

414 2990 432 3009 ‘
447 2977 629 3046 intentione
657 2982 759 3045 animi
783 2982 964 3056 invocavit,
987 2999 1052 3044 rron
1073 2985 1110 3043 ut
1133 2978 1276 3043 Achillis
1296 2981 1354 3044 'vel
1378 2979 1551 3045 Diomedis
1576 2981 1719 3063 ingentia

447 3063 539 3131 sacta
567 3072 772 3131 cantatumm
801 3066 1004 3149 adjuvarent,
1031 3064 1089 3127 sed
1118 3070 1155 3129 ut
1182 3064 1367 3145 catalogum
1395 3064 1556 3143 iacerent3
1593 3072 1719 3147 partem

449 3152 574 3231 operis,
596 3152 651 3214 cui
678 3151 852 3214 Musarum
866 3168 964 3232 opem
988 3150 1124 3214 minime
1150 3149 1372 3213 necessariam
1387 3150 1498 3231 quivis
1523 3152 1627 3215 nostri
1652 3152 1719 3215 aevi

448 3240 549 3315 pocta
561 3238 738 3317 putaverit.
1121 3248 1126 3259 '
1178 3246 1180 3253 “
1242 3243 1246 3251 ’
1396 3305 1400 3315 .

449 3350 454 3358 ·
496 3335 639 3383 nxxrrr.
662 3320 792 3384 Troicis
803 3320 876 3404 jam
888 3326 1092 3406 temporibus
1105 3343 1213 3407 regem
1227 3337 1490 3404 unumquemque
1503 3318 1720 3401 potentiorem

451 3400 489 3465 in
502 3403 629 3473 fannia
642 3411 776 3488 poetam
791 3408 912 3470 aluisse
926 3414 1068 3485 consmt,
1084 3410 1142 3492 qui
1155 3409 1303 3490 hospites
1318 3413 1352 3471 et
1364 3406 1492 3469 amicos
1506 3404 1541 3467 in
1553 3404 1720 3470 conviviis

449 3486 646 3569 delectaret3
669 3510 709 3555 ac
734 3492 858 3556 civium
883 3494 1011 3556 animos
1035 3494 1078 3557 ad
1102 3494 1260 3576 pietatem
1280 3497 1314 3555 et
1327 3492 1478 3555 virtutem
1504 3488 1720 3569 accenderet;

451 3570 532 3640 dnm
545 3574 682 3639 deomm
702 3576 830 3651 laudes,
852 3581 887 3638 et
908 3576 1069 3660 majorum
1093 3596 1146 3641 res
1170 3576 1293 3640 sortiter
1307 3580 1430 3657 gestas,
1454 3573 1654 3636 carminibus
1676 3573 1720 3636 ad

450 3655 561 3737 lyram¹
583 3662 735 3736 mutatis,
758 3660 947 3724 celebraret.
992 3661 1107 3726 Poetae
1119 3662 1198 3725 item
1219 3661 1349 3743 singuli,
1372 3660 1430 3745 qui
1450 3663 1520 3722 arte
1534 3662 1567 3721 ct
1590 3658 1719 3737 ingenio

346 3775 348 3778 ·
451 3741 582 3807 canus
592 3745 826 3824 praecellerent,
841 3749 876 3808 et
894 3765 1032 3828 quorum
1044 3747 1136 3809 fama
1155 3745 1227 3828 jam
1239 3745 1339 3809 latius
1353 3744 1604 3827 percrebuisset,
1630 3742 1720 3807 haud

445 3826 550 3889 'unius
562 3828 725 3910 principis
739 3829 932 3910 patrocinio,
946 3831 1000 3893 vel
1012 3834 1110 3895 unius
1124 3831 1228 3913 gentis
1243 3830 1460 3894 estimatione
1474 3828 1629 3904 contenti,
1649 3827 1721 3893 lon·

452 3907 590 3992 pinquis·
608 3913 922 3995 peregrinationibus
948 3914 1086 3996 gloriam
1115 3914 1314 3998 captabant3
1351 3918 1451 3996 atque
1477 3916 1591 3989 artem,
1621 3930 1720 3994 quam

452 3994 618 4073 colebant,
643 3998 739 4060 vario
752 4016 861 4060 rerum
874 4016 946 4075 usu,
969 4000 1190 4063 ethominum.
1208 3998 1410 4083 experientia
1436 3996 1597 4061 ornabant
1621 4014 1720 4077 auga·
1786 4026 1793 4035 ,

451 4076 606 4161 bamque.
649 4081 766 4145 Talem
777 4081 883 4145 fuisse
895 4082 994 4147 credo
1014 4083 1204 4168 Thamyrim
1226 4084 1317 4148 illum
1330 4082 1528 4161 Thracium}
1551 4082 1618 4164 qui,
1641 4079 1722 4145 dum

453 4162 499 4225 ah
513 4163 671 4229 OEchalia
690 4166 830 4243 redibat,
843 4186 960 4231 vocem
983 4186 1024 4232 ac
1046 4170 1250 4244 memoriam,
1274 4168 1389 4231 morbo
1414 4166 1525 4247 aliquo
1550 4166 1585 4227 in
1598 4164 1722 4230 ‘itinere

454 4256 635 4331 correptus,
656 4250 840 4332 perdidisse
859 4251 1026 4333 videtur3¹
1049 4254 1211 4336 talemque
1229 4253 1331 4315 fiisse
1345 4252 1453 4333 ipsum
1468 4248 1585 4313 Iliadis
1608 4257 1723 4315 auoto-

453 4350 536 4410 rem,
544 4338 614 4397 tum
624 4339 770 4398 veterum
781 4334 926 4413 haditio,
941 4341 1012 4401 tum
1027 4338 1181 4403 carminis
1193 4336 1319 4401 indoles
1332 4352 1372 4398 ac
1385 4332 1559 4397 sormavix
1572 4332 1722 4399 dubitare

454 4418 553 4498 sinit;
575 4438 640 4483 non
652 4420 738 4483 enim
752 4421 903 4484 curiosus
918 4421 1004 4484 adeo
1025 4424 1060 4485 in
1074 4422 1226 4486 laudibus
1250 4421 1334 4485 inter
1349 4418 1545 4483 Graecorum
1567 4418 1721 4501 proceres

452 4504 628 4585 aequaliter
640 4504 873 4588 dispertiendis
884 4492 1024 4585 sdisset3
1039 4526 1145 4589 neque
1159 4514 1226 4571 tam
1240 4506 1353 4569 subtili
1366 4503 1509 4567 artificio
1523 4504 1721 4585 singulorum
1777 4586 1778 4589 Ἴ

453 4585 609 4753 ἐρέὧίῗέ,
637 4591 685 4655 ita
707 4590 977 4758 utrepffloffi
988 4591 1100 4741 ggptreiae
1124 4610 1190 4655 non
1204 4590 1376 4739 'obesuslent
1399 4588 1640 4737 disffidmsstedd
1654 4588 1722 4738 nidi

607 4694 721 4738 eornm
875 4724 885 4753 ,
1084 4696 1100 4739 r
1162 4696 1184 4741 a
1208 4694 1259 4741 sm
1315 4694 1407 4740 arum
1514 4692 1571 4736 um
1640 4690 1680 4736 en
1707 4690 1721 4723 ··

375 4804 380 4807 -
455 4752 532 4831 bus,
546 4756 679 4838 placere
694 4761 885 4826 studuisset.
1101 4696 1161 4766 θῇ]
1260 4695 1281 4758 g
1427 4692 1488 4756 gen
1708 4800 1715 4811 ·

500 4842 645 4904 nxxw.
661 4841 837 4908 Poetarum
855 4846 966 4930 itaque
990 4852 1059 4911 arte
1080 4852 1113 4911 et
1137 4848 1280 4929 ingenio,
1308 4844 1403 4927 acque
1429 4848 1528 4926 atque
1553 4846 1721 4926 oratorum

454 4922 564 4990 studio
578 4930 613 4989 et
626 4928 844 5008 contentione,
868 4932 979 5015 lingua
993 4932 1118 4996 Graeca
1140 4933 1183 4995 ah
1198 4931 1282 5015 ipsis
1306 4926 1514 4991 incunabulis
1539 4927 1673 4993 exculta
1687 4937 1721 4992 et

996 5218 1004 5246 ¹
1025 5220 1059 5277 ll.
1071 5228 1096 5277 Β.
1108 5228 1169 5278 ⁵96.
