<?xml version="1.0" encoding="UTF-8"?>
<!DOCTYPE html PUBLIC "-//W3C//DTD XHTML 1.0 Transitional//EN"
    "http://www.w3.org/TR/xhtml1/DTD/xhtml1-transitional.dtd">
<html xmlns="http://www.w3.org/1999/xhtml" xml:lang="en" lang="en">
 <head>
  <title>
</title>
<meta http-equiv="Content-Type" content="text/html;charset=utf-8" />
  <meta name='ocr-system' content='tesseract 3.04.00' />
  <meta name='ocr-capabilities' content='ocr_page ocr_carea ocr_par ocr_line ocrx_word'/>
</head>
<body>
  <div class='ocr_page' id='page_1' title='image "./carminahomerica00kniggoog/carminahomerica00kniggoog_0018.png"; bbox 0 0 3825 5975; ppageno 0'>
   <div class='ocr_carea' id='block_1_1' title="bbox 695 339 1463 488">
    <p class='ocr_par' dir='ltr' id='par_1_1' title="bbox 695 339 1463 488">
     <span class='ocr_line' id='line_1_1' title="bbox 695 339 1463 488; baseline 0 -28"><span class='ocrx_word' id='word_1_1' title='bbox 695 363 745 460; x_wconf 69' lang='lat' dir='ltr'><strong>Ia</strong></span> <span class='ocrx_word' id='word_1_2' title='bbox 761 383 967 488; x_wconf 76' lang='lat' dir='ltr'><strong>Homerum.</strong></span> <span class='ocrx_word' id='word_1_3' title='bbox 1438 339 1463 460; x_wconf 65' lang='grc' dir='ltr'><strong>ι7</strong></span> 
     </span>
    </p>
   </div>
   <div class='ocr_carea' id='block_1_2' title="bbox 195 543 1466 730">
    <p class='ocr_par' dir='ltr' id='par_1_2' title="bbox 195 543 1466 730">
     <span class='ocr_line' id='line_1_2' title="bbox 195 543 1466 641; baseline 0.006 -21"><span class='ocrx_word' id='word_1_4' title='bbox 195 543 333 629; x_wconf 69' lang='lat' dir='ltr'><strong>eandem</strong></span> <span class='ocrx_word' id='word_1_5' title='bbox 354 556 549 620; x_wconf 72' lang='lat' dir='ltr'><strong>seutentiam</strong></span> <span class='ocrx_word' id='word_1_6' title='bbox 572 555 745 640; x_wconf 80' lang='lat' dir='ltr'><strong>amplexus</strong></span> <span class='ocrx_word' id='word_1_7' title='bbox 768 563 829 635; x_wconf 89' lang='lat' dir='ltr'><strong>est,</strong></span> <span class='ocrx_word' id='word_1_8' title='bbox 851 577 893 622; x_wconf 88' lang='lat' dir='ltr'><strong>ac</strong></span> <span class='ocrx_word' id='word_1_9' title='bbox 913 562 1008 624; x_wconf 84' lang='lat' dir='ltr'><strong>tauta</strong></span> <span class='ocrx_word' id='word_1_10' title='bbox 1030 555 1207 623; x_wconf 68' lang='lat' dir='ltr'><strong>subtilitate</strong></span> <span class='ocrx_word' id='word_1_11' title='bbox 1229 562 1262 621; x_wconf 91' lang='lat' dir='ltr'><strong>ct</strong></span> <span class='ocrx_word' id='word_1_12' title='bbox 1286 558 1408 641; x_wconf 86' lang='lat' dir='ltr'><strong>ingenii</strong></span> <span class='ocrx_word' id='word_1_13' title='bbox 1431 567 1466 628; x_wconf 87' lang='lat' dir='ltr'><strong>et</strong></span> 
     </span>
     <span class='ocr_line' id='line_1_3' title="bbox 196 641 1463 730; baseline 0.003 -22"><span class='ocrx_word' id='word_1_14' title='bbox 196 643 354 708; x_wconf 73' lang='lat' dir='ltr'><strong>decumae</strong></span> <span class='ocrx_word' id='word_1_15' title='bbox 366 641 556 718; x_wconf 86' lang='lat' dir='ltr'><strong>illustravit,</strong></span> <span class='ocrx_word' id='word_1_16' title='bbox 569 648 606 706; x_wconf 90' lang='lat' dir='ltr'><strong>ut</strong></span> <span class='ocrx_word' id='word_1_17' title='bbox 618 643 793 707; x_wconf 79' lang='lat' dir='ltr'><strong>murltorum</strong></span> <span class='ocrx_word' id='word_1_18' title='bbox 804 644 924 710; x_wconf 87' lang='lat' dir='ltr'><strong>animis</strong></span> <span class='ocrx_word' id='word_1_19' title='bbox 937 643 1150 709; x_wconf 85' lang='lat' dir='ltr'><strong>dubitationis</strong></span> <span class='ocrx_word' id='word_1_20' title='bbox 1160 642 1295 726; x_wconf 78' lang='lat' dir='ltr'>aliquod</span> <span class='ocrx_word' id='word_1_21' title='bbox 1303 643 1463 730; x_wconf 87' lang='lat' dir='ltr'><strong>injecerit.</strong></span> 
     </span>
    </p>
   </div>
   <div class='ocr_carea' id='block_1_3' title="bbox 197 718 1533 812">
    <p class='ocr_par' dir='ltr' id='par_1_3' title="bbox 197 718 1533 812">
     <span class='ocr_line' id='line_1_4' title="bbox 197 718 1533 812; baseline 0.004 -19"><span class='ocrx_word' id='word_1_22' title='bbox 197 728 431 810; x_wconf 89' lang='lat' dir='ltr'><strong>Subsequutus</strong></span> <span class='ocrx_word' id='word_1_23' title='bbox 456 734 521 805; x_wconf 89' lang='lat' dir='ltr'><strong>est,</strong></span> <span class='ocrx_word' id='word_1_24' title='bbox 545 727 600 792; x_wconf 91' lang='lat' dir='ltr'><strong>vel</strong></span> <span class='ocrx_word' id='word_1_25' title='bbox 625 727 765 792; x_wconf 82' lang='lat' dir='ltr'><strong>fortasse</strong></span> <span class='ocrx_word' id='word_1_26' title='bbox 811 731 932 807; x_wconf 88' lang='lat' dir='ltr'><strong>raeivit,</strong></span> <span class='ocrx_word' id='word_1_27' title='bbox 961 730 1014 794; x_wconf 91' lang='lat' dir='ltr'><strong>vir</strong></span> <span class='ocrx_word' id='word_1_28' title='bbox 1039 730 1222 812; x_wconf 73' lang='lat' dir='ltr'><strong>omnigenae</strong></span> <span class='ocrx_word' id='word_1_29' title='bbox 1251 727 1409 796; x_wconf 72' lang='lat' dir='ltr'><strong>decetne</strong></span> <span class='ocrx_word' id='word_1_30' title='bbox 1432 737 1466 797; x_wconf 86' lang='lat' dir='ltr'><strong>et</strong></span> <span class='ocrx_word' id='word_1_31' title='bbox 1527 718 1533 727; x_wconf 49' lang='lat'>¹</span> 
     </span>
    </p>
   </div>
   <div class='ocr_carea' id='block_1_4' title="bbox 194 813 1465 1564">
    <p class='ocr_par' dir='ltr' id='par_1_4' title="bbox 194 813 1465 1258">
     <span class='ocr_line' id='line_1_5' title="bbox 197 813 1464 912; baseline 0.003 -34"><span class='ocrx_word' id='word_1_32' title='bbox 197 813 345 878; x_wconf 78' lang='lat' dir='ltr'><strong>scientiae</strong></span> <span class='ocrx_word' id='word_1_33' title='bbox 359 813 470 912; x_wconf 77' lang='lat' dir='ltr'><strong>copiis</strong></span> <span class='ocrx_word' id='word_1_34' title='bbox 483 813 755 912; x_wconf 79' lang='lat' dir='ltr'><strong>instructissimus</strong></span> <span class='ocrx_word' id='word_1_35' title='bbox 799 813 862 880; x_wconf 84' lang='lat' dir='ltr'><strong>.G.</strong></span> <span class='ocrx_word' id='word_1_36' title='bbox 874 815 1010 898; x_wconf 87' lang='lat' dir='ltr'><strong>Heyue;</strong></span> <span class='ocrx_word' id='word_1_37' title='bbox 1033 815 1091 899; x_wconf 92' lang='lat' dir='ltr'><strong>qui</strong></span> <span class='ocrx_word' id='word_1_38' title='bbox 1100 815 1305 898; x_wconf 88' lang='lat' dir='ltr'><strong>suspiciones</strong></span> <span class='ocrx_word' id='word_1_39' title='bbox 1316 816 1464 896; x_wconf 87' lang='lat' dir='ltr'><strong>contulit,</strong></span> 
     </span>
     <span class='ocr_line' id='line_1_6' title="bbox 196 898 1465 1050; baseline 0.004 -89"><span class='ocrx_word' id='word_1_40' title='bbox 196 917 263 999; x_wconf 75' lang='lat' dir='ltr'><strong>non</strong></span> <span class='ocrx_word' id='word_1_41' title='bbox 274 903 402 964; x_wconf 86' lang='lat' dir='ltr'><strong>tanturn</strong></span> <span class='ocrx_word' id='word_1_42' title='bbox 414 916 451 961; x_wconf 87' lang='lat' dir='ltr'><strong>m</strong></span> <span class='ocrx_word' id='word_1_43' title='bbox 464 898 612 980; x_wconf 79' lang='lat' dir='ltr'><strong>singulas</strong></span> <span class='ocrx_word' id='word_1_44' title='bbox 628 898 827 998; x_wconf 82' lang='lat' dir='ltr'><strong>rbapsodias</strong></span> <span class='ocrx_word' id='word_1_45' title='bbox 845 898 1074 1050; x_wconf 48' lang='lat' dir='ltr'><strong>affluenter,</strong></span> <span class='ocrx_word' id='word_1_46' title='bbox 1091 901 1139 964; x_wconf 90' lang='lat' dir='ltr'><strong>uti</strong></span> <span class='ocrx_word' id='word_1_47' title='bbox 1158 919 1179 963; x_wconf 87' lang='lat' dir='ltr'><strong>a</strong></span> <span class='ocrx_word' id='word_1_48' title='bbox 1198 899 1336 981; x_wconf 87' lang='lat' dir='ltr'><strong>singulis</strong></span> <span class='ocrx_word' id='word_1_49' title='bbox 1351 907 1465 1001; x_wconf 82' lang='lat' dir='ltr'><strong>aucto-</strong></span> 
     </span>
     <span class='ocr_line' id='line_1_7' title="bbox 195 983 1465 1236; baseline 0 -102"><span class='ocrx_word' id='word_1_50' title='bbox 195 983 900 1236; x_wconf 46' lang='lat' dir='ltr'><strong>ril&#39;zl&#39;iffujsmjiiffff‘i‘p</strong></span> <span class='ocrx_word' id='word_1_51' title='bbox 913 989 1465 1157; x_wconf 57' lang='lat' dir='ltr'><strong>siffipffiriil&#39;iiictisi</strong></span> 
     </span>
     <span class='ocr_line' id='line_1_8' title="bbox 194 1163 1417 1258; baseline 0.002 -41"><span class='ocrx_word' id='word_1_52' title='bbox 194 1173 312 1242; x_wconf 80' lang='lat' dir='ltr'><strong>genere</strong></span> <span class='ocrx_word' id='word_1_53' title='bbox 326 1174 393 1216; x_wconf 81' lang='lat' dir='ltr'><strong>cuer</strong></span> <span class='ocrx_word' id='word_1_54' title='bbox 427 1175 447 1256; x_wconf 70' lang='lat' dir='ltr'><strong>a</strong></span> <span class='ocrx_word' id='word_1_55' title='bbox 536 1175 555 1216; x_wconf 88' lang='lat' dir='ltr'><strong>c</strong></span> <span class='ocrx_word' id='word_1_56' title='bbox 576 1241 584 1254; x_wconf 30' lang='grc' dir='ltr'>ι</span> <span class='ocrx_word' id='word_1_57' title='bbox 608 1175 627 1216; x_wconf 85' lang='lat' dir='ltr'><strong>a</strong></span> <span class='ocrx_word' id='word_1_58' title='bbox 656 1174 667 1216; x_wconf 82' lang='lat' dir='ltr'><strong>r</strong></span> <span class='ocrx_word' id='word_1_59' title='bbox 703 1175 754 1256; x_wconf 70' lang='lat' dir='ltr'><strong>ura</strong></span> <span class='ocrx_word' id='word_1_60' title='bbox 769 1163 890 1258; x_wconf 54' lang='lat' dir='ltr'><strong>eeqqess</strong></span> <span class='ocrx_word' id='word_1_61' title='bbox 1412 1189 1417 1201; x_wconf 88' lang='lat'><em>·</em></span> 
     </span>
    </p>

    <p class='ocr_par' dir='ltr' id='par_1_5' title="bbox 195 1239 1464 1564">
     <span class='ocr_line' id='line_1_9' title="bbox 195 1239 1464 1412; baseline 0 -20"><span class='ocrx_word' id='word_1_62' title='bbox 195 1239 712 1408; x_wconf 57' lang='lat' dir='ltr'><strong>cinisum</strong></span> <span class='ocrx_word' id='word_1_63' title='bbox 726 1247 1088 1412; x_wconf 44' lang='lat' dir='ltr'><strong>dimitti</strong></span> <span class='ocrx_word' id='word_1_64' title='bbox 1103 1247 1464 1412; x_wconf 51' lang='lat' dir='ltr'><strong>lustuns</strong></span> 
     </span>
     <span class='ocr_line' id='line_1_10' title="bbox 196 1411 1464 1564; baseline 0.001 -88"><span class='ocrx_word' id='word_1_65' title='bbox 196 1411 384 1488; x_wconf 74' lang='lat' dir='ltr'>enutrirent,</span> <span class='ocrx_word' id='word_1_66' title='bbox 405 1430 545 1493; x_wconf 82' lang='lat' dir='ltr'><strong>quorum</strong></span> <span class='ocrx_word' id='word_1_67' title='bbox 566 1411 705 1493; x_wconf 82' lang='lat' dir='ltr'><strong>quilibet</strong></span> <span class='ocrx_word' id='word_1_68' title='bbox 726 1413 1054 1564; x_wconf 57' lang='lat' dir='ltr'><strong>carminamipp‘ipsrnodi</strong></span> <span class='ocrx_word' id='word_1_69' title='bbox 1078 1412 1238 1490; x_wconf 86' lang='lat' dir='ltr'><strong>effuderit,</strong></span> <span class='ocrx_word' id='word_1_70' title='bbox 1263 1431 1340 1495; x_wconf 82' lang='lat' dir='ltr'><strong>quae</strong></span> <span class='ocrx_word' id='word_1_71' title='bbox 1365 1432 1464 1477; x_wconf 87' lang='lat' dir='ltr'><strong>nemo</strong></span> 
     </span>
    </p>
   </div>
   <div class='ocr_carea' id='block_1_5' title="bbox 196 1495 1463 1580">
    <p class='ocr_par' dir='ltr' id='par_1_6' title="bbox 196 1495 1463 1580">
     <span class='ocr_line' id='line_1_11' title="bbox 196 1495 1463 1580; baseline 0.002 -20"><span class='ocrx_word' id='word_1_72' title='bbox 196 1497 343 1560; x_wconf 84' lang='lat' dir='ltr'><strong>omnium</strong></span> <span class='ocrx_word' id='word_1_73' title='bbox 366 1495 514 1577; x_wconf 78' lang='lat' dir='ltr'><strong>gentium</strong></span> <span class='ocrx_word' id='word_1_74' title='bbox 534 1501 655 1578; x_wconf 81' lang='lat' dir='ltr'><strong>postea</strong></span> <span class='ocrx_word' id='word_1_75' title='bbox 677 1515 736 1580; x_wconf 88' lang='lat' dir='ltr'><strong>per</strong></span> <span class='ocrx_word' id='word_1_76' title='bbox 760 1498 826 1564; x_wconf 87' lang='lat' dir='ltr'><strong>tria</strong></span> <span class='ocrx_word' id='word_1_77' title='bbox 975 1517 1134 1564; x_wconf 87' lang='lat' dir='ltr'><strong>annorum</strong></span> <span class='ocrx_word' id='word_1_78' title='bbox 1163 1498 1309 1563; x_wconf 80' lang='lat' dir='ltr'><strong>aemulari</strong></span> <span class='ocrx_word' id='word_1_79' title='bbox 1331 1505 1463 1579; x_wconf 86' lang='lat' dir='ltr'><strong>posset;</strong></span> 
     </span>
    </p>
   </div>
   <div class='ocr_carea' id='block_1_6' title="bbox 195 1581 1514 2158">
    <p class='ocr_par' dir='ltr' id='par_1_7' title="bbox 195 1581 1514 2158">
     <span class='ocr_line' id='line_1_12' title="bbox 195 1581 1514 1667; baseline 0.002 -21"><span class='ocrx_word' id='word_1_80' title='bbox 195 1597 302 1665; x_wconf 86' lang='lat' dir='ltr'><strong>oeque</strong></span> <span class='ocrx_word' id='word_1_81' title='bbox 315 1581 1009 1665; x_wconf 85' lang='lat' dir='ltr'><strong>uisiunnsautalterprobabiliterimitari!</strong></span> <span class='ocrx_word' id='word_1_82' title='bbox 1032 1583 1151 1667; x_wconf 87' lang='lat' dir='ltr'><strong>Neque</strong></span> <span class='ocrx_word' id='word_1_83' title='bbox 1160 1583 1464 1648; x_wconf 88' lang='lat' dir='ltr'><strong>minusmirandum</strong></span> <span class='ocrx_word' id='word_1_84' title='bbox 1510 1629 1514 1637; x_wconf 80' lang='lat'><em>·</em></span> 
     </span>
     <span class='ocr_line' id='line_1_13' title="bbox 197 1667 1466 1749; baseline 0.002 -19"><span class='ocrx_word' id='word_1_85' title='bbox 197 1671 248 1730; x_wconf 83' lang='lat' dir='ltr'><strong>cst</strong></span> <span class='ocrx_word' id='word_1_86' title='bbox 260 1673 311 1731; x_wconf 86' lang='lat' dir='ltr'><strong>tot</strong></span> <span class='ocrx_word' id='word_1_87' title='bbox 323 1672 453 1749; x_wconf 86' lang='lat' dir='ltr'><strong>poetas,</strong></span> <span class='ocrx_word' id='word_1_88' title='bbox 474 1667 624 1730; x_wconf 89' lang='lat' dir='ltr'><strong>consiliis</strong></span> <span class='ocrx_word' id='word_1_89' title='bbox 642 1667 727 1733; x_wconf 84' lang='lat' dir='ltr'><strong>iuter</strong></span> <span class='ocrx_word' id='word_1_90' title='bbox 749 1687 786 1732; x_wconf 90' lang='lat' dir='ltr'><strong>se</strong></span> <span class='ocrx_word' id='word_1_91' title='bbox 806 1669 895 1734; x_wconf 84' lang='lat' dir='ltr'><strong>baud</strong></span> <span class='ocrx_word' id='word_1_92' title='bbox 909 1670 1171 1747; x_wconf 86' lang='lat' dir='ltr'><strong>communicatis,</strong></span> <span class='ocrx_word' id='word_1_93' title='bbox 1192 1669 1253 1746; x_wconf 85' lang='lat' dir='ltr'><strong>ite,</strong></span> <span class='ocrx_word' id='word_1_94' title='bbox 1277 1667 1412 1732; x_wconf 77' lang='lat' dir='ltr'><strong>fortuito</strong></span> <span class='ocrx_word' id='word_1_95' title='bbox 1431 1673 1466 1732; x_wconf 92' lang='lat' dir='ltr'><strong>et</strong></span> 
     </span>
     <span class='ocr_line' id='line_1_14' title="bbox 197 1751 1463 1836; baseline -0.001 -20"><span class='ocrx_word' id='word_1_96' title='bbox 197 1770 278 1816; x_wconf 86' lang='lat' dir='ltr'><strong>casu</strong></span> <span class='ocrx_word' id='word_1_97' title='bbox 293 1751 440 1835; x_wconf 89' lang='lat' dir='ltr'><strong>quodam</strong></span> <span class='ocrx_word' id='word_1_98' title='bbox 454 1751 555 1829; x_wconf 80' lang='lat' dir='ltr'><strong>felici,</strong></span> <span class='ocrx_word' id='word_1_99' title='bbox 576 1752 707 1834; x_wconf 87' lang='lat' dir='ltr'><strong>ingenia</strong></span> <span class='ocrx_word' id='word_1_100' title='bbox 727 1753 763 1816; x_wconf 93' lang='lat' dir='ltr'><strong>in</strong></span> <span class='ocrx_word' id='word_1_101' title='bbox 783 1753 899 1819; x_wconf 88' lang='lat' dir='ltr'><strong>eadem</strong></span> <span class='ocrx_word' id='word_1_102' title='bbox 920 1755 1273 1832; x_wconf 84' lang='lat' dir='ltr'><strong>materiaexercuisso,</strong></span> <span class='ocrx_word' id='word_1_103' title='bbox 1295 1759 1334 1816; x_wconf 88' lang='lat' dir='ltr'><strong>ut</strong></span> <span class='ocrx_word' id='word_1_104' title='bbox 1347 1771 1463 1836; x_wconf 81' lang='lat' dir='ltr'><strong>sparsa</strong></span> 
     </span>
     <span class='ocr_line' id='line_1_15' title="bbox 197 1837 1462 1924; baseline 0.001 -22"><span class='ocrx_word' id='word_1_105' title='bbox 197 1854 308 1902; x_wconf 88' lang='lat' dir='ltr'><strong>eorum</strong></span> <span class='ocrx_word' id='word_1_106' title='bbox 322 1837 479 1913; x_wconf 70' lang='lat' dir='ltr'><strong>carmina</strong></span> <span class='ocrx_word' id='word_1_107' title='bbox 492 1856 555 1901; x_wconf 85' lang='lat' dir='ltr'><strong>sna</strong></span> <span class='ocrx_word' id='word_1_108' title='bbox 567 1838 665 1920; x_wconf 87' lang='lat' dir='ltr'><strong>qnasi</strong></span> <span class='ocrx_word' id='word_1_109' title='bbox 677 1844 803 1922; x_wconf 62' lang='lat' dir='ltr'><strong>mona,</strong></span> <span class='ocrx_word' id='word_1_110' title='bbox 817 1841 852 1904; x_wconf 93' lang='lat' dir='ltr'><strong>in</strong></span> <span class='ocrx_word' id='word_1_111' title='bbox 865 1858 1005 1924; x_wconf 87' lang='lat' dir='ltr'><strong>corpora</strong></span> <span class='ocrx_word' id='word_1_112' title='bbox 1014 1839 1142 1923; x_wconf 85' lang='lat' dir='ltr'><strong>singule</strong></span> <span class='ocrx_word' id='word_1_113' title='bbox 1155 1845 1223 1903; x_wconf 84' lang='lat' dir='ltr'><strong>tam</strong></span> <span class='ocrx_word' id='word_1_114' title='bbox 1232 1841 1311 1922; x_wconf 85' lang='lat' dir='ltr'><strong>apte</strong></span> <span class='ocrx_word' id='word_1_115' title='bbox 1325 1839 1462 1918; x_wconf 82' lang='lat' dir='ltr'><strong>coirent,</strong></span> 
     </span>
     <span class='ocr_line' id='line_1_16' title="bbox 197 1923 1462 2009; baseline 0.001 -22"><span class='ocrx_word' id='word_1_116' title='bbox 197 1927 236 1988; x_wconf 88' lang='lat' dir='ltr'><strong>ut</strong></span> <span class='ocrx_word' id='word_1_117' title='bbox 246 1941 288 1986; x_wconf 86' lang='lat' dir='ltr'><strong>ea</strong></span> <span class='ocrx_word' id='word_1_118' title='bbox 300 1940 439 2005; x_wconf 87' lang='lat' dir='ltr'><strong>corpora</strong></span> <span class='ocrx_word' id='word_1_119' title='bbox 452 1941 514 2005; x_wconf 91' lang='lat' dir='ltr'><strong>pro</strong></span> <span class='ocrx_word' id='word_1_120' title='bbox 526 1923 772 2006; x_wconf 77' lang='lat' dir='ltr'><strong>exemplaribus</strong></span> <span class='ocrx_word' id='word_1_121' title='bbox 784 1925 1043 1990; x_wconf 85' lang='lat' dir='ltr'><strong>absolutissimis</strong></span> <span class='ocrx_word' id='word_1_122' title='bbox 1056 1945 1116 2009; x_wconf 88' lang='lat' dir='ltr'><strong>per</strong></span> <span class='ocrx_word' id='word_1_123' title='bbox 1132 1925 1244 1992; x_wconf 89' lang='lat' dir='ltr'><strong>omnia</strong></span> <span class='ocrx_word' id='word_1_124' title='bbox 1258 1924 1462 2008; x_wconf 87' lang='lat' dir='ltr'><strong>subsequuta</strong></span> 
     </span>
     <span class='ocr_line' id='line_1_17' title="bbox 196 2007 1463 2158; baseline 0 -86"><span class='ocrx_word' id='word_1_125' title='bbox 196 2007 311 2072; x_wconf 83' lang='lat' dir='ltr'><strong>secula</strong></span> <span class='ocrx_word' id='word_1_126' title='bbox 321 2007 532 2086; x_wconf 76' lang='lat' dir='ltr'><strong>haberentur3</strong></span> <span class='ocrx_word' id='word_1_127' title='bbox 553 2014 587 2071; x_wconf 88' lang='lat' dir='ltr'><strong>ct</strong></span> <span class='ocrx_word' id='word_1_128' title='bbox 600 2014 711 2090; x_wconf 67' lang='lat' dir='ltr'><strong>poeta</strong></span> <span class='ocrx_word' id='word_1_129' title='bbox 723 2010 816 2158; x_wconf 59' lang='lat' dir='ltr'><strong>:pipp</strong></span> <span class='ocrx_word' id='word_1_130' title='bbox 834 2014 986 2108; x_wconf 87' lang='lat' dir='ltr'><strong>posteros</strong></span> <span class='ocrx_word' id='word_1_131' title='bbox 1004 2015 1096 2074; x_wconf 74' lang='lat' dir='ltr'><strong>tante</strong></span> <span class='ocrx_word' id='word_1_132' title='bbox 1109 2008 1185 2092; x_wconf 91' lang='lat' dir='ltr'><strong>plus</strong></span> <span class='ocrx_word' id='word_1_133' title='bbox 1198 2007 1308 2074; x_wconf 85' lang='lat' dir='ltr'><strong>leudis</strong></span> <span class='ocrx_word' id='word_1_134' title='bbox 1321 2009 1463 2089; x_wconf 90' lang='lat' dir='ltr'><strong>tulerint,</strong></span> 
     </span>
    </p>
   </div>
   <div class='ocr_carea' id='block_1_7' title="bbox 193 2092 1464 2772">
    <p class='ocr_par' dir='ltr' id='par_1_8' title="bbox 193 2092 1464 2433">
     <span class='ocr_line' id='line_1_18' title="bbox 197 2092 1464 2179; baseline 0.003 -23"><span class='ocrx_word' id='word_1_135' title='bbox 197 2092 406 2175; x_wconf 88' lang='lat' dir='ltr'><strong>quantoplus</strong></span> <span class='ocrx_word' id='word_1_136' title='bbox 415 2111 451 2154; x_wconf 90' lang='lat' dir='ltr'><strong>ru</strong></span> <span class='ocrx_word' id='word_1_137' title='bbox 464 2111 508 2156; x_wconf 89' lang='lat' dir='ltr'><strong>ns</strong></span> <span class='ocrx_word' id='word_1_138' title='bbox 521 2092 721 2157; x_wconf 77' lang='lat' dir='ltr'><strong>imitandisv</strong></span> <span class='ocrx_word' id='word_1_139' title='bbox 818 2094 885 2158; x_wconf 90' lang='lat' dir='ltr'><strong>vrsi</strong></span> <span class='ocrx_word' id='word_1_140' title='bbox 898 2096 975 2159; x_wconf 88' lang='lat' dir='ltr'><strong>siut.</strong></span> <span class='ocrx_word' id='word_1_141' title='bbox 1018 2095 1109 2159; x_wconf 86' lang='lat' dir='ltr'><strong>Dum</strong></span> <span class='ocrx_word' id='word_1_142' title='bbox 1122 2113 1235 2158; x_wconf 78' lang='lat' dir='ltr'><strong>corium</strong></span> <span class='ocrx_word' id='word_1_143' title='bbox 1249 2095 1374 2176; x_wconf 86' lang='lat' dir='ltr'><strong>itaque,</strong></span> <span class='ocrx_word' id='word_1_144' title='bbox 1388 2114 1464 2179; x_wconf 82' lang='lat' dir='ltr'><strong>quae</strong></span> 
     </span>
     <span class='ocr_line' id='line_1_19' title="bbox 193 2175 1464 2259; baseline 0.003 -19"><span class='ocrx_word' id='word_1_145' title='bbox 193 2175 318 2259; x_wconf 87' lang='lat' dir='ltr'><strong>justam</strong></span> <span class='ocrx_word' id='word_1_146' title='bbox 331 2176 538 2242; x_wconf 84' lang='lat' dir='ltr'><strong>mirationem</strong></span> <span class='ocrx_word' id='word_1_147' title='bbox 549 2177 690 2243; x_wconf 68' lang='lat' dir='ltr'><strong>formasa</strong></span> <span class='ocrx_word' id='word_1_148' title='bbox 700 2178 838 2257; x_wconf 87' lang='lat' dir='ltr'><strong>saciant,</strong></span> <span class='ocrx_word' id='word_1_149' title='bbox 852 2180 915 2243; x_wconf 90' lang='lat' dir='ltr'><strong>viri</strong></span> <span class='ocrx_word' id='word_1_150' title='bbox 928 2179 1020 2244; x_wconf 90' lang='lat' dir='ltr'><strong>docti</strong></span> <span class='ocrx_word' id='word_1_151' title='bbox 1032 2180 1191 2244; x_wconf 79' lang='lat' dir='ltr'><strong>radonem</strong></span> <span class='ocrx_word' id='word_1_152' title='bbox 1205 2177 1340 2242; x_wconf 83' lang='lat' dir='ltr'><strong>reddere</strong></span> <span class='ocrx_word' id='word_1_153' title='bbox 1353 2181 1464 2244; x_wconf 89' lang='lat' dir='ltr'><strong>conati</strong></span> 
     </span>
     <span class='ocr_line' id='line_1_20' title="bbox 198 2261 1463 2349; baseline 0.002 -23"><span class='ocrx_word' id='word_1_154' title='bbox 198 2267 282 2339; x_wconf 89' lang='lat' dir='ltr'><strong>snut,</strong></span> <span class='ocrx_word' id='word_1_155' title='bbox 305 2261 374 2326; x_wconf 89' lang='lat' dir='ltr'><strong>alia</strong></span> <span class='ocrx_word' id='word_1_156' title='bbox 386 2261 537 2326; x_wconf 89' lang='lat' dir='ltr'><strong>videntur</strong></span> <span class='ocrx_word' id='word_1_157' title='bbox 556 2263 777 2348; x_wconf 76' lang='lat' dir='ltr'><strong>imprudenter</strong></span> <span class='ocrx_word' id='word_1_158' title='bbox 799 2263 1020 2330; x_wconf 76' lang='lat' dir='ltr'><strong>introduxisse</strong></span> <span class='ocrx_word' id='word_1_159' title='bbox 1034 2283 1169 2349; x_wconf 89' lang='lat' dir='ltr'><strong>prorsus</strong></span> <span class='ocrx_word' id='word_1_160' title='bbox 1182 2262 1400 2343; x_wconf 88' lang='lat' dir='ltr'><strong>incredibilia,</strong></span> <span class='ocrx_word' id='word_1_161' title='bbox 1423 2283 1463 2329; x_wconf 89' lang='lat' dir='ltr'><strong>ac</strong></span> 
     </span>
     <span class='ocr_line' id='line_1_21' title="bbox 197 2346 1095 2433; baseline 0.004 -22"><span class='ocrx_word' id='word_1_162' title='bbox 197 2365 301 2411; x_wconf 88' lang='lat' dir='ltr'><strong>rernm</strong></span> <span class='ocrx_word' id='word_1_163' title='bbox 311 2352 439 2414; x_wconf 76' lang='lat' dir='ltr'><strong>naurire</strong></span> <span class='ocrx_word' id='word_1_164' title='bbox 454 2353 487 2412; x_wconf 87' lang='lat' dir='ltr'><strong>et</strong></span> <span class='ocrx_word' id='word_1_165' title='bbox 499 2348 705 2419; x_wconf 64' lang='lat' dir='ltr'><strong>histem</strong></span> <span class='ocrx_word' id='word_1_166' title='bbox 718 2346 797 2414; x_wconf 83' lang='lat' dir='ltr'><strong>fidei</strong></span> <span class='ocrx_word' id='word_1_167' title='bbox 809 2349 907 2433; x_wconf 88' lang='lat' dir='ltr'><strong>plane</strong></span> <span class='ocrx_word' id='word_1_168' title='bbox 920 2351 1095 2415; x_wconf 79' lang='lat' dir='ltr'><strong>connatis.</strong></span> 
     </span>
    </p>

    <p class='ocr_par' dir='ltr' id='par_1_9' title="bbox 196 2431 1464 2772">
     <span class='ocr_line' id='line_1_22' title="bbox 240 2431 1463 2519; baseline 0.002 -24"><span class='ocrx_word' id='word_1_169' title='bbox 240 2447 279 2497; x_wconf 85' lang='lat' dir='ltr'><strong>x.</strong></span> <span class='ocrx_word' id='word_1_170' title='bbox 303 2431 463 2496; x_wconf 81' lang='lat' dir='ltr'><strong>Audaces</strong></span> <span class='ocrx_word' id='word_1_171' title='bbox 477 2434 561 2496; x_wconf 86' lang='lat' dir='ltr'><strong>satis</strong></span> <span class='ocrx_word' id='word_1_172' title='bbox 575 2453 615 2496; x_wconf 90' lang='lat' dir='ltr'><strong>ac</strong></span> <span class='ocrx_word' id='word_1_173' title='bbox 628 2435 793 2498; x_wconf 86' lang='lat' dir='ltr'><strong>temerarii</strong></span> <span class='ocrx_word' id='word_1_174' title='bbox 806 2436 924 2500; x_wconf 89' lang='lat' dir='ltr'><strong>merito</strong></span> <span class='ocrx_word' id='word_1_175' title='bbox 937 2435 1001 2500; x_wconf 85' lang='lat' dir='ltr'><strong>visi</strong></span> <span class='ocrx_word' id='word_1_176' title='bbox 1016 2440 1103 2513; x_wconf 88' lang='lat' dir='ltr'><strong>sunt,</strong></span> <span class='ocrx_word' id='word_1_177' title='bbox 1123 2435 1181 2519; x_wconf 93' lang='lat' dir='ltr'><strong>qui</strong></span> <span class='ocrx_word' id='word_1_178' title='bbox 1192 2453 1299 2500; x_wconf 89' lang='lat' dir='ltr'><strong>rerum</strong></span> <span class='ocrx_word' id='word_1_179' title='bbox 1312 2439 1463 2500; x_wconf 85' lang='lat' dir='ltr'><strong>naturum</strong></span> 
     </span>
     <span class='ocr_line' id='line_1_23' title="bbox 197 2517 1464 2584; baseline 0.002 -2"><span class='ocrx_word' id='word_1_180' title='bbox 197 2535 240 2582; x_wconf 82' lang='lat' dir='ltr'><strong>ex</strong></span> <span class='ocrx_word' id='word_1_181' title='bbox 251 2523 437 2582; x_wconf 69' lang='lat' dir='ltr'><strong>ammarum</strong></span> <span class='ocrx_word' id='word_1_182' title='bbox 451 2537 613 2583; x_wconf 87' lang='lat' dir='ltr'><strong>concursu</strong></span> <span class='ocrx_word' id='word_1_183' title='bbox 626 2518 760 2584; x_wconf 73' lang='lat' dir='ltr'><strong>scranto</strong></span> <span class='ocrx_word' id='word_1_184' title='bbox 773 2525 878 2584; x_wconf 88' lang='lat' dir='ltr'><strong>ortam</strong></span> <span class='ocrx_word' id='word_1_185' title='bbox 892 2538 968 2584; x_wconf 88' lang='lat' dir='ltr'><strong>esse</strong></span> <span class='ocrx_word' id='word_1_186' title='bbox 982 2517 1223 2584; x_wconf 75' lang='lat' dir='ltr'><strong>contenderunt.</strong></span> <span class='ocrx_word' id='word_1_187' title='bbox 1268 2517 1338 2584; x_wconf 86' lang='lat' dir='ltr'><strong>Eos</strong></span> <span class='ocrx_word' id='word_1_188' title='bbox 1352 2525 1464 2584; x_wconf 87' lang='lat' dir='ltr'><strong>tamen</strong></span> 
     </span>
     <span class='ocr_line' id='line_1_24' title="bbox 196 2602 1463 2688; baseline 0.005 -24"><span class='ocrx_word' id='word_1_189' title='bbox 196 2604 327 2669; x_wconf 85' lang='lat' dir='ltr'><strong>veniam</strong></span> <span class='ocrx_word' id='word_1_190' title='bbox 340 2602 517 2667; x_wconf 75' lang='lat' dir='ltr'><strong>temeritati</strong></span> <span class='ocrx_word' id='word_1_191' title='bbox 529 2604 714 2687; x_wconf 87' lang='lat' dir='ltr'><strong>impetrare,</strong></span> <span class='ocrx_word' id='word_1_192' title='bbox 729 2624 864 2688; x_wconf 70' lang='lat' dir='ltr'><strong>aequum</strong></span> <span class='ocrx_word' id='word_1_193' title='bbox 877 2604 1016 2670; x_wconf 77' lang='lat' dir='ltr'><strong>forsitrm</strong></span> <span class='ocrx_word' id='word_1_194' title='bbox 1030 2605 1138 2684; x_wconf 86' lang='lat' dir='ltr'><strong>fucrit,</strong></span> <span class='ocrx_word' id='word_1_195' title='bbox 1161 2624 1203 2670; x_wconf 86' lang='lat' dir='ltr'><strong>co</strong></span> <span class='ocrx_word' id='word_1_196' title='bbox 1217 2605 1320 2688; x_wconf 78' lang='lat' dir='ltr'><strong>quod,</strong></span> <span class='ocrx_word' id='word_1_197' title='bbox 1343 2623 1463 2684; x_wconf 87' lang='lat' dir='ltr'><strong>rerum,</strong></span> 
     </span>
     <span class='ocr_line' id='line_1_25' title="bbox 198 2688 1464 2772; baseline 0.003 -21"><span class='ocrx_word' id='word_1_198' title='bbox 198 2705 272 2769; x_wconf 72' lang='lat' dir='ltr'><strong>qne</strong></span> <span class='ocrx_word' id='word_1_199' title='bbox 284 2688 441 2752; x_wconf 88' lang='lat' dir='ltr'><strong>omuibus</strong></span> <span class='ocrx_word' id='word_1_200' title='bbox 453 2690 575 2771; x_wconf 83' lang='lat' dir='ltr'><strong>pariter</strong></span> <span class='ocrx_word' id='word_1_201' title='bbox 587 2696 695 2754; x_wconf 87' lang='lat' dir='ltr'><strong>essent</strong></span> <span class='ocrx_word' id='word_1_202' title='bbox 707 2691 842 2772; x_wconf 52' lang='lat' dir='ltr'><strong>ignote</strong></span> <span class='ocrx_word' id='word_1_203' title='bbox 862 2709 961 2754; x_wconf 85' lang='lat' dir='ltr'><strong>uerno</strong></span> <span class='ocrx_word' id='word_1_204' title='bbox 975 2691 1147 2756; x_wconf 87' lang='lat' dir='ltr'><strong>certiorem</strong></span> <span class='ocrx_word' id='word_1_205' title='bbox 1159 2690 1319 2754; x_wconf 85' lang='lat' dir='ltr'><strong>rationem</strong></span> <span class='ocrx_word' id='word_1_206' title='bbox 1331 2689 1464 2756; x_wconf 90' lang='lat' dir='ltr'><strong>reddere</strong></span> 
     </span>
    </p>
   </div>
   <div class='ocr_carea' id='block_1_8' title="bbox 1489 1447 1512 1517">
    <p class='ocr_par' dir='ltr' id='par_1_10' title="bbox 1489 1447 1512 1517">
     <span class='ocr_line' id='line_1_26' title="bbox 1489 1447 1512 1517; baseline 0 0"><span class='ocrx_word' id='word_1_207' title='bbox 1489 1447 1512 1517; x_wconf 67' lang='lat' dir='ltr'><strong>l</strong></span> 
     </span>
    </p>
   </div>
   <div class='ocr_carea' id='block_1_9' title="bbox 197 2773 1494 3041">
    <p class='ocr_par' dir='ltr' id='par_1_11' title="bbox 197 2773 1494 3041">
     <span class='ocr_line' id='line_1_27' title="bbox 197 2773 1494 2901; baseline -0.012 -47"><span class='ocrx_word' id='word_1_208' title='bbox 197 2780 327 2870; x_wconf 65' lang='grc' dir='ltr'><strong>90Μὶ</strong></span> <span class='ocrx_word' id='word_1_209' title='bbox 356 2778 468 2873; x_wconf 63' lang='lat' dir='ltr'><strong>atque,</strong></span> <span class='ocrx_word' id='word_1_210' title='bbox 492 2773 529 2837; x_wconf 90' lang='lat' dir='ltr'><strong>in</strong></span> <span class='ocrx_word' id='word_1_211' title='bbox 550 2775 650 2838; x_wconf 85' lang='lat' dir='ltr'><strong>meris</strong></span> <span class='ocrx_word' id='word_1_212' title='bbox 673 2775 923 2875; x_wconf 70' lang='lat' dir='ltr'><strong>adobticuibns</strong></span> <span class='ocrx_word' id='word_1_213' title='bbox 944 2781 980 2840; x_wconf 93' lang='lat' dir='ltr'><strong>et</strong></span> <span class='ocrx_word' id='word_1_214' title='bbox 1001 2776 1213 2872; x_wconf 78' lang='lat' dir='ltr'><strong>conjecbrris,</strong></span> <span class='ocrx_word' id='word_1_215' title='bbox 1232 2775 1290 2872; x_wconf 80' lang='lat' dir='ltr'><strong>jus</strong></span> <span class='ocrx_word' id='word_1_216' title='bbox 1312 2776 1464 2840; x_wconf 88' lang='lat' dir='ltr'><strong>omuibus</strong></span> <span class='ocrx_word' id='word_1_217' title='bbox 1486 2799 1494 2901; x_wconf 73' lang='grc' dir='ltr'><strong>Ιι</strong></span> 
     </span>
     <span class='ocr_line' id='line_1_28' title="bbox 197 2856 1490 3041; baseline 0 -34"><span class='ocrx_word' id='word_1_218' title='bbox 197 2856 1151 3041; x_wconf 50' lang='lat' dir='ltr'><strong>securatusculanenses</strong></span> <span class='ocrx_word' id='word_1_219' title='bbox 1165 2881 1387 3029; x_wconf 68' lang='lat' dir='ltr'><strong>catut,</strong></span> <span class='ocrx_word' id='word_1_220' title='bbox 1401 2856 1490 3007; x_wconf 73' lang='lat' dir='ltr'><strong>tr.-</strong></span> 
     </span>
    </p>
   </div>
   <div class='ocr_carea' id='block_1_10' title="bbox 196 3027 1466 3623">
    <p class='ocr_par' dir='ltr' id='par_1_12' title="bbox 196 3027 1466 3623">
     <span class='ocr_line' id='line_1_29' title="bbox 198 3027 1465 3193; baseline 0.002 -102"><span class='ocrx_word' id='word_1_221' title='bbox 198 3048 287 3179; x_wconf 56' lang='lat' dir='ltr'><strong>rrtrprr}</strong></span> <span class='ocrx_word' id='word_1_222' title='bbox 294 3027 552 3180; x_wconf 53' lang='lat' dir='ltr'><strong>rffimcfgpm</strong></span> <span class='ocrx_word' id='word_1_223' title='bbox 565 3030 864 3179; x_wconf 49' lang='lat' dir='ltr'><strong>aramacffivisus</strong></span> <span class='ocrx_word' id='word_1_224' title='bbox 877 3031 932 3107; x_wconf 81' lang='lat' dir='ltr'><strong>sit,</strong></span> <span class='ocrx_word' id='word_1_225' title='bbox 958 3030 1158 3181; x_wconf 57' lang='grc' dir='ltr'><strong>ᾱοοῒιέεἰυέἱε</strong></span> <span class='ocrx_word' id='word_1_226' title='bbox 1171 3029 1465 3193; x_wconf 44' lang='lat' dir='ltr'><strong>patuxassjudiicibus</strong></span> 
     </span>
     <span class='ocr_line' id='line_1_30' title="bbox 196 3132 1465 3181; baseline 0.002 -2"><span class='ocrx_word' id='word_1_227' title='bbox 196 3132 304 3179; x_wconf 83' lang='lat' dir='ltr'><strong>ro</strong></span> <span class='ocrx_word' id='word_1_228' title='bbox 510 3134 666 3179; x_wconf 89' lang='lat' dir='ltr'><strong>ssecorn</strong></span> <span class='ocrx_word' id='word_1_229' title='bbox 729 3133 1172 3179; x_wconf 84' lang='lat' dir='ltr'><strong>ronemuouraorm</strong></span> <span class='ocrx_word' id='word_1_230' title='bbox 1305 3133 1465 3181; x_wconf 81' lang='lat' dir='ltr'><strong>serso</strong></span> 
     </span>
     <span class='ocr_line' id='line_1_31' title="bbox 197 3134 1463 3284; baseline 0.002 -21"><span class='ocrx_word' id='word_1_231' title='bbox 197 3198 365 3263; x_wconf 87' lang='lat' dir='ltr'><strong>bominum</strong></span> <span class='ocrx_word' id='word_1_232' title='bbox 394 3219 512 3264; x_wconf 86' lang='lat' dir='ltr'><strong>sensns</strong></span> <span class='ocrx_word' id='word_1_233' title='bbox 541 3134 735 3279; x_wconf 45' lang='lat' dir='ltr'><strong>comm&amp;</strong></span> <span class='ocrx_word' id='word_1_234' title='bbox 757 3204 791 3265; x_wconf 92' lang='lat' dir='ltr'><strong>et</strong></span> <span class='ocrx_word' id='word_1_235' title='bbox 818 3163 1024 3284; x_wconf 75' lang='lat' dir='ltr'><strong>experientia</strong></span> <span class='ocrx_word' id='word_1_236' title='bbox 1052 3198 1245 3284; x_wconf 87' lang='lat' dir='ltr'><strong>quotidiana</strong></span> <span class='ocrx_word' id='word_1_237' title='bbox 1272 3134 1463 3267; x_wconf 56' lang='lat' dir='ltr'><strong>molonga.</strong></span> 
     </span>
     <span class='ocr_line' id='line_1_32' title="bbox 199 3282 1463 3368; baseline 0.002 -19"><span class='ocrx_word' id='word_1_238' title='bbox 199 3282 352 3349; x_wconf 78' lang='lat' dir='ltr'><strong>Diversis</strong></span> <span class='ocrx_word' id='word_1_239' title='bbox 360 3284 434 3368; x_wconf 83' lang='lat' dir='ltr'><strong>jam</strong></span> <span class='ocrx_word' id='word_1_240' title='bbox 448 3285 524 3349; x_wconf 89' lang='lat' dir='ltr'><strong>inde</strong></span> <span class='ocrx_word' id='word_1_241' title='bbox 547 3285 680 3362; x_wconf 68' lang='lat' dir='ltr'><strong>seculis</strong></span> <span class='ocrx_word' id='word_1_242' title='bbox 705 3286 855 3349; x_wconf 84' lang='lat' dir='ltr'><strong>maxima</strong></span> <span class='ocrx_word' id='word_1_243' title='bbox 879 3290 913 3349; x_wconf 92' lang='lat' dir='ltr'><strong>et</strong></span> <span class='ocrx_word' id='word_1_244' title='bbox 935 3285 1133 3367; x_wconf 78' lang='lat' dir='ltr'><strong>felicissima</strong></span> <span class='ocrx_word' id='word_1_245' title='bbox 1154 3286 1285 3367; x_wconf 89' lang='lat' dir='ltr'><strong>ingenia</strong></span> <span class='ocrx_word' id='word_1_246' title='bbox 1298 3286 1333 3349; x_wconf 92' lang='lat' dir='ltr'><strong>in</strong></span> <span class='ocrx_word' id='word_1_247' title='bbox 1347 3284 1463 3351; x_wconf 89' lang='lat' dir='ltr'><strong>eodem</strong></span> 
     </span>
     <span class='ocr_line' id='line_1_33' title="bbox 197 3369 1465 3454; baseline 0.001 -19"><span class='ocrx_word' id='word_1_248' title='bbox 197 3388 315 3454; x_wconf 84' lang='lat' dir='ltr'><strong>campo</strong></span> <span class='ocrx_word' id='word_1_249' title='bbox 328 3369 403 3433; x_wconf 82' lang='lat' dir='ltr'><strong>sese</strong></span> <span class='ocrx_word' id='word_1_250' title='bbox 416 3377 649 3450; x_wconf 82' lang='lat' dir='ltr'><strong>exercuerunt;</strong></span> <span class='ocrx_word' id='word_1_251' title='bbox 671 3369 730 3433; x_wconf 88' lang='lat' dir='ltr'><strong>sed</strong></span> <span class='ocrx_word' id='word_1_252' title='bbox 744 3388 840 3434; x_wconf 87' lang='lat' dir='ltr'><strong>nemo</strong></span> <span class='ocrx_word' id='word_1_253' title='bbox 859 3370 968 3435; x_wconf 84' lang='lat' dir='ltr'><strong>adbuc</strong></span> <span class='ocrx_word' id='word_1_254' title='bbox 987 3388 1101 3453; x_wconf 88' lang='lat' dir='ltr'><strong>parem</strong></span> <span class='ocrx_word' id='word_1_255' title='bbox 1120 3370 1252 3435; x_wconf 87' lang='lat' dir='ltr'><strong>laudem</strong></span> <span class='ocrx_word' id='word_1_256' title='bbox 1265 3371 1465 3436; x_wconf 88' lang='lat' dir='ltr'><strong>honoremve</strong></span> 
     </span>
     <span class='ocr_line' id='line_1_34' title="bbox 197 3454 1466 3539; baseline 0.004 -21"><span class='ocrx_word' id='word_1_257' title='bbox 197 3460 254 3519; x_wconf 84' lang='lat' dir='ltr'><strong>aut</strong></span> <span class='ocrx_word' id='word_1_258' title='bbox 267 3456 404 3519; x_wconf 77' lang='lat' dir='ltr'><strong>meritm</strong></span> <span class='ocrx_word' id='word_1_259' title='bbox 423 3461 482 3519; x_wconf 87' lang='lat' dir='ltr'><strong>aut</strong></span> <span class='ocrx_word' id='word_1_260' title='bbox 504 3460 726 3539; x_wconf 88' lang='lat' dir='ltr'><strong>consequutus</strong></span> <span class='ocrx_word' id='word_1_261' title='bbox 748 3460 817 3519; x_wconf 88' lang='lat' dir='ltr'><strong>est:</strong></span> <span class='ocrx_word' id='word_1_262' title='bbox 839 3455 875 3518; x_wconf 90' lang='lat' dir='ltr'><strong>in</strong></span> <span class='ocrx_word' id='word_1_263' title='bbox 897 3456 1037 3519; x_wconf 88' lang='lat' dir='ltr'><strong>sublime</strong></span> <span class='ocrx_word' id='word_1_264' title='bbox 1059 3454 1146 3519; x_wconf 89' lang='lat' dir='ltr'><strong>enim</strong></span> <span class='ocrx_word' id='word_1_265' title='bbox 1159 3454 1331 3536; x_wconf 82' lang='lat' dir='ltr'><strong>Virgilius,</strong></span> <span class='ocrx_word' id='word_1_266' title='bbox 1355 3454 1466 3523; x_wconf 85' lang='lat' dir='ltr'><strong>aliena</strong></span> 
     </span>
     <span class='ocr_line' id='line_1_35' title="bbox 197 3540 1465 3623; baseline 0.002 -20"><span class='ocrx_word' id='word_1_267' title='bbox 197 3540 338 3622; x_wconf 86' lang='lat' dir='ltr'><strong>vestigia</strong></span> <span class='ocrx_word' id='word_1_268' title='bbox 349 3560 516 3622; x_wconf 88' lang='lat' dir='ltr'><strong>premens,</strong></span> <span class='ocrx_word' id='word_1_269' title='bbox 540 3546 611 3605; x_wconf 89' lang='lat' dir='ltr'><strong>arte</strong></span> <span class='ocrx_word' id='word_1_270' title='bbox 628 3541 737 3622; x_wconf 86' lang='lat' dir='ltr'><strong>magis</strong></span> <span class='ocrx_word' id='word_1_271' title='bbox 753 3559 854 3623; x_wconf 86' lang='lat' dir='ltr'><strong>quam</strong></span> <span class='ocrx_word' id='word_1_272' title='bbox 872 3546 992 3605; x_wconf 82' lang='lat' dir='ltr'><strong>nabun</strong></span> <span class='ocrx_word' id='word_1_273' title='bbox 1006 3540 1167 3623; x_wconf 81' lang='lat' dir='ltr'><strong>assurgit3</strong></span> <span class='ocrx_word' id='word_1_274' title='bbox 1188 3540 1399 3609; x_wconf 77' lang='lat' dir='ltr'><strong>lascivientes</strong></span> <span class='ocrx_word' id='word_1_275' title='bbox 1414 3540 1465 3605; x_wconf 89' lang='lat' dir='ltr'><strong>iu·</strong></span> 
     </span>
    </p>
   </div>
   <div class='ocr_carea' id='block_1_11' title="bbox 197 3624 1510 3709">
    <p class='ocr_par' dir='ltr' id='par_1_13' title="bbox 197 3624 1510 3709">
     <span class='ocr_line' id='line_1_36' title="bbox 197 3624 1510 3709; baseline 0.003 -20"><span class='ocrx_word' id='word_1_276' title='bbox 197 3626 293 3706; x_wconf 86' lang='lat' dir='ltr'><strong>genio</strong></span> <span class='ocrx_word' id='word_1_277' title='bbox 319 3624 468 3689; x_wconf 86' lang='lat' dir='ltr'><strong>Ovidius</strong></span> <span class='ocrx_word' id='word_1_278' title='bbox 490 3632 524 3690; x_wconf 89' lang='lat' dir='ltr'><strong>et</strong></span> <span class='ocrx_word' id='word_1_279' title='bbox 547 3626 675 3689; x_wconf 80' lang='lat' dir='ltr'><strong>&#39;lassus</strong></span> <span class='ocrx_word' id='word_1_280' title='bbox 700 3625 893 3708; x_wconf 86' lang='lat' dir='ltr'><strong>aliquoties;</strong></span> <span class='ocrx_word' id='word_1_281' title='bbox 928 3627 1051 3709; x_wconf 89' lang='lat' dir='ltr'><strong>impetu</strong></span> <span class='ocrx_word' id='word_1_282' title='bbox 1076 3625 1249 3707; x_wconf 82' lang='lat' dir='ltr'><strong>Lucanus3</strong></span> <span class='ocrx_word' id='word_1_283' title='bbox 1285 3624 1397 3689; x_wconf 88' lang='lat' dir='ltr'><strong>labore</strong></span> <span class='ocrx_word' id='word_1_284' title='bbox 1425 3645 1466 3693; x_wconf 85' lang='lat' dir='ltr'><strong>ac</strong></span> <span class='ocrx_word' id='word_1_285' title='bbox 1505 3670 1510 3681; x_wconf 85' lang='lat'><strong>·</strong></span> 
     </span>
    </p>
   </div>
   <div class='ocr_carea' id='block_1_12' title="bbox 191 3708 1466 4905">
    <p class='ocr_par' dir='ltr' id='par_1_14' title="bbox 191 3708 1466 4646">
     <span class='ocr_line' id='line_1_37' title="bbox 197 3708 1465 3797; baseline 0.002 -24"><span class='ocrx_word' id='word_1_286' title='bbox 197 3709 317 3775; x_wconf 83' lang='lat' dir='ltr'><strong>sudore</strong></span> <span class='ocrx_word' id='word_1_287' title='bbox 332 3710 503 3789; x_wconf 80' lang='lat' dir='ltr'><strong>Miltonns,</strong></span> <span class='ocrx_word' id='word_1_288' title='bbox 526 3709 742 3795; x_wconf 58' lang='lat' dir='ltr'><strong>respuerim,</strong></span> <span class='ocrx_word' id='word_1_289' title='bbox 751 3708 888 3797; x_wconf 66' lang='lat' dir='ltr'><strong>xepclrr&#39;r</strong></span> <span class='ocrx_word' id='word_1_290' title='bbox 901 3708 1183 3776; x_wconf 50' lang='lat' dir='ltr'><strong>rdine-laborat</strong></span> <span class='ocrx_word' id='word_1_291' title='bbox 1206 3730 1337 3794; x_wconf 90' lang='lat' dir='ltr'><strong>quoque</strong></span> <span class='ocrx_word' id='word_1_292' title='bbox 1350 3712 1465 3792; x_wconf 91' lang='lat' dir='ltr'><strong>lector,</strong></span> 
     </span>
     <span class='ocr_line' id='line_1_38' title="bbox 197 3793 1465 3879; baseline 0.003 -20"><span class='ocrx_word' id='word_1_293' title='bbox 197 3793 272 3860; x_wconf 87' lang='lat' dir='ltr'><strong>licet</strong></span> <span class='ocrx_word' id='word_1_294' title='bbox 284 3815 378 3879; x_wconf 86' lang='lat' dir='ltr'><strong>saepe</strong></span> <span class='ocrx_word' id='word_1_295' title='bbox 391 3796 584 3875; x_wconf 76' lang='lat' dir='ltr'><strong>delectabis,</strong></span> <span class='ocrx_word' id='word_1_296' title='bbox 596 3799 723 3878; x_wconf 87' lang='lat' dir='ltr'><strong>saepius</strong></span> <span class='ocrx_word' id='word_1_297' title='bbox 733 3795 965 3861; x_wconf 82' lang='lat' dir='ltr'><strong>mirabundus:</strong></span> <span class='ocrx_word' id='word_1_298' title='bbox 988 3797 1078 3860; x_wconf 90' lang='lat' dir='ltr'><strong>solus</strong></span> <span class='ocrx_word' id='word_1_299' title='bbox 1093 3805 1203 3860; x_wconf 84' lang='lat' dir='ltr'><strong>autem</strong></span> <span class='ocrx_word' id='word_1_300' title='bbox 1214 3795 1340 3861; x_wconf 86' lang='lat' dir='ltr'><strong>lliacus</strong></span> <span class='ocrx_word' id='word_1_301' title='bbox 1353 3802 1465 3879; x_wconf 86' lang='lat' dir='ltr'><strong>poeta,</strong></span> 
     </span>
     <span class='ocr_line' id='line_1_39' title="bbox 197 3879 1466 3969; baseline 0.003 -24"><span class='ocrx_word' id='word_1_302' title='bbox 197 3879 303 3945; x_wconf 89' lang='lat' dir='ltr'><strong>indole</strong></span> <span class='ocrx_word' id='word_1_303' title='bbox 317 3883 453 3964; x_wconf 88' lang='lat' dir='ltr'><strong>propria</strong></span> <span class='ocrx_word' id='word_1_304' title='bbox 466 3888 498 3945; x_wconf 94' lang='lat' dir='ltr'><strong>et</strong></span> <span class='ocrx_word' id='word_1_305' title='bbox 510 3884 545 3946; x_wconf 88' lang='lat' dir='ltr'><strong>vi</strong></span> <span class='ocrx_word' id='word_1_306' title='bbox 568 3882 671 3948; x_wconf 78' lang='lat' dir='ltr'><strong>annui</strong></span> <span class='ocrx_word' id='word_1_307' title='bbox 692 3883 836 3961; x_wconf 84' lang='lat' dir='ltr'><strong>ingenita</strong></span> <span class='ocrx_word' id='word_1_308' title='bbox 854 3881 971 3969; x_wconf 81' lang='lat' dir='ltr'><strong>elatus,</strong></span> <span class='ocrx_word' id='word_1_309' title='bbox 993 3881 1037 3945; x_wconf 86' lang='lat' dir='ltr'><strong>ad</strong></span> <span class='ocrx_word' id='word_1_310' title='bbox 1051 3900 1181 3945; x_wconf 76' lang='lat' dir='ltr'><strong>summa</strong></span> <span class='ocrx_word' id='word_1_311' title='bbox 1194 3900 1336 3965; x_wconf 86' lang='lat' dir='ltr'><strong>quaeque</strong></span> <span class='ocrx_word' id='word_1_312' title='bbox 1349 3887 1466 3965; x_wconf 83' lang='lat' dir='ltr'><strong>sponte</strong></span> 
     </span>
     <span class='ocr_line' id='line_1_40' title="bbox 191 3966 1466 4051; baseline 0.002 -20"><span class='ocrx_word' id='word_1_313' title='bbox 191 3969 238 4031; x_wconf 77' lang='lat' dir='ltr'><strong>&#39;ac</strong></span> <span class='ocrx_word' id='word_1_314' title='bbox 260 3972 393 4043; x_wconf 84' lang='lat' dir='ltr'><strong>natura,</strong></span> <span class='ocrx_word' id='word_1_315' title='bbox 416 3986 482 4030; x_wconf 90' lang='lat' dir='ltr'><strong>nou</strong></span> <span class='ocrx_word' id='word_1_316' title='bbox 505 3968 580 4030; x_wconf 90' lang='lat' dir='ltr'><strong>nisu</strong></span> <span class='ocrx_word' id='word_1_317' title='bbox 599 3966 653 4030; x_wconf 91' lang='lat' dir='ltr'><strong>vel</strong></span> <span class='ocrx_word' id='word_1_318' title='bbox 675 3966 863 4043; x_wconf 72' lang='lat' dir='ltr'><strong>intendem,</strong></span> <span class='ocrx_word' id='word_1_319' title='bbox 888 3967 1056 4049; x_wconf 86' lang='lat' dir='ltr'><strong>perveuit;</strong></span> <span class='ocrx_word' id='word_1_320' title='bbox 1078 3985 1259 4049; x_wconf 89' lang='lat' dir='ltr'><strong>omnesque</strong></span> <span class='ocrx_word' id='word_1_321' title='bbox 1281 3967 1466 4051; x_wconf 80' lang='lat' dir='ltr'><strong>omnigenae</strong></span> 
     </span>
     <span class='ocr_line' id='line_1_41' title="bbox 197 4050 1466 4135; baseline 0.004 -21"><span class='ocrx_word' id='word_1_322' title='bbox 197 4052 391 4135; x_wconf 57' lang='lat' dir='ltr'><strong>mentiar</strong></span> <span class='ocrx_word' id='word_1_323' title='bbox 406 4052 532 4133; x_wconf 67' lang='lat' dir='ltr'><strong>gratim</strong></span> <span class='ocrx_word' id='word_1_324' title='bbox 545 4057 579 4117; x_wconf 88' lang='lat' dir='ltr'><strong>et</strong></span> <span class='ocrx_word' id='word_1_325' title='bbox 591 4052 728 4116; x_wconf 65' lang='lat' dir='ltr'><strong>viantes</strong></span> <span class='ocrx_word' id='word_1_326' title='bbox 747 4070 789 4115; x_wconf 88' lang='lat' dir='ltr'><strong>ea</strong></span> <span class='ocrx_word' id='word_1_327' title='bbox 810 4051 975 4117; x_wconf 79' lang='lat' dir='ltr'><strong>facundiae</strong></span> <span class='ocrx_word' id='word_1_328' title='bbox 992 4050 1151 4125; x_wconf 78' lang='lat' dir='ltr'><strong>¹felicitate</strong></span> <span class='ocrx_word' id='word_1_329' title='bbox 1166 4050 1321 4129; x_wconf 87' lang='lat' dir='ltr'><strong>condivit,</strong></span> <span class='ocrx_word' id='word_1_330' title='bbox 1344 4058 1381 4117; x_wconf 91' lang='lat' dir='ltr'><strong>ut</strong></span> <span class='ocrx_word' id='word_1_331' title='bbox 1394 4073 1466 4119; x_wconf 87' lang='lat' dir='ltr'><strong>ver·</strong></span> 
     </span>
     <span class='ocr_line' id='line_1_42' title="bbox 198 4135 1464 4219; baseline 0.003 -18"><span class='ocrx_word' id='word_1_332' title='bbox 198 4138 289 4201; x_wconf 88' lang='lat' dir='ltr'><strong>sibus</strong></span> <span class='ocrx_word' id='word_1_333' title='bbox 314 4137 450 4215; x_wconf 89' lang='lat' dir='ltr'><strong>innatae,</strong></span> <span class='ocrx_word' id='word_1_334' title='bbox 483 4157 550 4202; x_wconf 91' lang='lat' dir='ltr'><strong>non</strong></span> <span class='ocrx_word' id='word_1_335' title='bbox 571 4138 719 4215; x_wconf 82' lang='lat' dir='ltr'><strong>intextae,</strong></span> <span class='ocrx_word' id='word_1_336' title='bbox 743 4135 932 4201; x_wconf 85' lang='lat' dir='ltr'><strong>videantur:</strong></span> <span class='ocrx_word' id='word_1_337' title='bbox 969 4138 1153 4219; x_wconf 86' lang='lat' dir='ltr'><strong>cultusque,</strong></span> <span class='ocrx_word' id='word_1_338' title='bbox 1182 4138 1303 4219; x_wconf 88' lang='lat' dir='ltr'><strong>ubique</strong></span> <span class='ocrx_word' id='word_1_339' title='bbox 1331 4138 1464 4217; x_wconf 86' lang='lat' dir='ltr'><strong>eniteat,</strong></span> 
     </span>
     <span class='ocr_line' id='line_1_43' title="bbox 196 4220 1466 4305; baseline 0.002 -20"><span class='ocrx_word' id='word_1_340' title='bbox 196 4241 360 4305; x_wconf 82' lang='lat' dir='ltr'><strong>nusquam</strong></span> <span class='ocrx_word' id='word_1_341' title='bbox 373 4222 578 4289; x_wconf 84' lang='lat' dir='ltr'><strong>ostendabn:</strong></span> <span class='ocrx_word' id='word_1_342' title='bbox 600 4223 660 4286; x_wconf 89' lang='lat' dir='ltr'><strong>sed</strong></span> <span class='ocrx_word' id='word_1_343' title='bbox 674 4220 855 4305; x_wconf 87' lang='lat' dir='ltr'><strong>quotidiani</strong></span> <span class='ocrx_word' id='word_1_344' title='bbox 866 4223 1027 4287; x_wconf 88' lang='lat' dir='ltr'><strong>sermonis</strong></span> <span class='ocrx_word' id='word_1_345' title='bbox 1041 4222 1195 4301; x_wconf 78' lang='lat' dir='ltr'><strong>facilitas,</strong></span> <span class='ocrx_word' id='word_1_346' title='bbox 1214 4222 1355 4287; x_wconf 84' lang='lat' dir='ltr'><strong>heroicae</strong></span> <span class='ocrx_word' id='word_1_347' title='bbox 1371 4242 1466 4305; x_wconf 88' lang='lat' dir='ltr'><strong>gran·</strong></span> 
     </span>
     <span class='ocr_line' id='line_1_44' title="bbox 196 4301 1464 4392; baseline 0.001 -21"><span class='ocrx_word' id='word_1_348' title='bbox 196 4301 406 4389; x_wconf 69' lang='lat' dir='ltr'><strong>(Eloquentiae</strong></span> <span class='ocrx_word' id='word_1_349' title='bbox 426 4308 645 4392; x_wconf 73' lang='lat' dir='ltr'><strong>majestatem,</strong></span> <span class='ocrx_word' id='word_1_350' title='bbox 667 4311 827 4391; x_wconf 88' lang='lat' dir='ltr'><strong>temperet</strong></span> <span class='ocrx_word' id='word_1_351' title='bbox 847 4326 913 4371; x_wconf 92' lang='lat' dir='ltr'><strong>uon</strong></span> <span class='ocrx_word' id='word_1_352' title='bbox 935 4308 1074 4386; x_wconf 89' lang='lat' dir='ltr'><strong>minuat,</strong></span> <span class='ocrx_word' id='word_1_353' title='bbox 1097 4308 1228 4373; x_wconf 81' lang='lat' dir='ltr'><strong>&#39;molliat</strong></span> <span class='ocrx_word' id='word_1_354' title='bbox 1245 4327 1311 4371; x_wconf 93' lang='lat' dir='ltr'><strong>uon</strong></span> <span class='ocrx_word' id='word_1_355' title='bbox 1323 4313 1464 4379; x_wconf 84' lang='lat' dir='ltr'><strong>enervet.</strong></span> 
     </span>
     <span class='ocr_line' id='line_1_45' title="bbox 196 4391 1465 4477; baseline 0.001 -21"><span class='ocrx_word' id='word_1_356' title='bbox 196 4391 425 4471; x_wconf 76' lang='lat' dir='ltr'><strong>Successores,</strong></span> <span class='ocrx_word' id='word_1_357' title='bbox 448 4394 572 4477; x_wconf 91' lang='lat' dir='ltr'><strong>pluviis</strong></span> <span class='ocrx_word' id='word_1_358' title='bbox 596 4398 629 4457; x_wconf 90' lang='lat' dir='ltr'><strong>et</strong></span> <span class='ocrx_word' id='word_1_359' title='bbox 651 4391 826 4457; x_wconf 84' lang='lat' dir='ltr'><strong>stillicidiis</strong></span> <span class='ocrx_word' id='word_1_360' title='bbox 847 4392 995 4476; x_wconf 93' lang='lat' dir='ltr'><strong>undique</strong></span> <span class='ocrx_word' id='word_1_361' title='bbox 1008 4393 1166 4470; x_wconf 85' lang='lat' dir='ltr'><strong>collectis,</strong></span> <span class='ocrx_word' id='word_1_362' title='bbox 1188 4393 1313 4457; x_wconf 90' lang='lat' dir='ltr'><strong>rivulos</strong></span> <span class='ocrx_word' id='word_1_363' title='bbox 1328 4393 1465 4457; x_wconf 83' lang='lat' dir='ltr'><strong>auxisse</strong></span> 
     </span>
     <span class='ocr_line' id='line_1_46' title="bbox 196 4476 1466 4563; baseline 0.002 -22"><span class='ocrx_word' id='word_1_364' title='bbox 196 4476 368 4542; x_wconf 87' lang='lat' dir='ltr'><strong>videntur:</strong></span> <span class='ocrx_word' id='word_1_365' title='bbox 389 4480 465 4563; x_wconf 90' lang='lat' dir='ltr'><strong>ipse</strong></span> <span class='ocrx_word' id='word_1_366' title='bbox 477 4480 603 4561; x_wconf 76' lang='lat' dir='ltr'><strong>gurgite</strong></span> <span class='ocrx_word' id='word_1_367' title='bbox 615 4480 694 4543; x_wconf 88' lang='lat' dir='ltr'><strong>vivo</strong></span> <span class='ocrx_word' id='word_1_368' title='bbox 706 4478 865 4556; x_wconf 84' lang='lat' dir='ltr'><strong>exrmdat‚</strong></span> <span class='ocrx_word' id='word_1_369' title='bbox 884 4480 979 4562; x_wconf 90' lang='lat' dir='ltr'><strong>cujus</strong></span> <span class='ocrx_word' id='word_1_370' title='bbox 993 4478 1176 4543; x_wconf 89' lang='lat' dir='ltr'><strong>vorticibus</strong></span> <span class='ocrx_word' id='word_1_371' title='bbox 1191 4479 1311 4559; x_wconf 87' lang='lat' dir='ltr'><strong>abripi,</strong></span> <span class='ocrx_word' id='word_1_372' title='bbox 1333 4477 1466 4556; x_wconf 84' lang='lat' dir='ltr'><strong>hauriri,</strong></span> 
     </span>
     <span class='ocr_line' id='line_1_47' title="bbox 197 4563 1349 4646; baseline 0.003 -21"><span class='ocrx_word' id='word_1_373' title='bbox 197 4566 297 4646; x_wconf 85' lang='lat' dir='ltr'><strong>atque</strong></span> <span class='ocrx_word' id='word_1_374' title='bbox 312 4564 450 4628; x_wconf 91' lang='lat' dir='ltr'><strong>invitum</strong></span> <span class='ocrx_word' id='word_1_375' title='bbox 464 4564 551 4642; x_wconf 80' lang='lat' dir='ltr'><strong>ferri,</strong></span> <span class='ocrx_word' id='word_1_376' title='bbox 566 4564 668 4629; x_wconf 87' lang='lat' dir='ltr'><strong>lector</strong></span> <span class='ocrx_word' id='word_1_377' title='bbox 683 4563 820 4645; x_wconf 90' lang='lat' dir='ltr'><strong>quilibet</strong></span> <span class='ocrx_word' id='word_1_378' title='bbox 835 4564 1035 4646; x_wconf 87' lang='lat' dir='ltr'><strong>seprotiuus</strong></span> <span class='ocrx_word' id='word_1_379' title='bbox 1049 4564 1158 4629; x_wconf 85' lang='lat' dir='ltr'><strong>sentit.</strong></span> <span class='ocrx_word' id='word_1_380' title='bbox 1346 4612 1349 4619; x_wconf 75' lang='grc'><em>.</em></span> 
     </span>
    </p>

    <p class='ocr_par' dir='ltr' id='par_1_15' title="bbox 195 4646 1465 4905">
     <span class='ocr_line' id='line_1_48' title="bbox 241 4646 1465 4730; baseline 0.002 -17"><span class='ocrx_word' id='word_1_381' title='bbox 241 4664 299 4713; x_wconf 83' lang='lat' dir='ltr'><strong>xr.</strong></span> <span class='ocrx_word' id='word_1_382' title='bbox 322 4646 507 4725; x_wconf 83' lang='lat' dir='ltr'><strong>Videamus</strong></span> <span class='ocrx_word' id='word_1_383' title='bbox 519 4648 729 4713; x_wconf 89' lang='lat' dir='ltr'><strong>nibilominus</strong></span> <span class='ocrx_word' id='word_1_384' title='bbox 748 4654 1011 4730; x_wconf 76' lang='lat' dir='ltr'><strong>argumentorum</strong></span> <span class='ocrx_word' id='word_1_385' title='bbox 1030 4667 1144 4730; x_wconf 90' lang='lat' dir='ltr'><strong>genus,</strong></span> <span class='ocrx_word' id='word_1_386' title='bbox 1167 4665 1234 4730; x_wconf 89' lang='lat' dir='ltr'><strong>qno</strong></span> <span class='ocrx_word' id='word_1_387' title='bbox 1248 4648 1311 4711; x_wconf 89' lang='lat' dir='ltr'><strong>viri</strong></span> <span class='ocrx_word' id='word_1_388' title='bbox 1325 4646 1416 4715; x_wconf 87' lang='lat' dir='ltr'><strong>docti</strong></span> <span class='ocrx_word' id='word_1_389' title='bbox 1430 4650 1465 4715; x_wconf 91' lang='lat' dir='ltr'><strong>in</strong></span> 
     </span>
     <span class='ocr_line' id='line_1_49' title="bbox 195 4732 1465 4817; baseline 0.002 -20"><span class='ocrx_word' id='word_1_390' title='bbox 195 4732 260 4797; x_wconf 79' lang='lat' dir='ltr'><strong>bec</strong></span> <span class='ocrx_word' id='word_1_391' title='bbox 274 4732 497 4816; x_wconf 78' lang='lat' dir='ltr'><strong>disputeuone</strong></span> <span class='ocrx_word' id='word_1_392' title='bbox 509 4735 564 4799; x_wconf 89' lang='lat' dir='ltr'><strong>usi</strong></span> <span class='ocrx_word' id='word_1_393' title='bbox 578 4738 671 4811; x_wconf 82' lang='lat' dir='ltr'><strong>srrnt3</strong></span> <span class='ocrx_word' id='word_1_394' title='bbox 694 4739 791 4816; x_wconf 89' lang='lat' dir='ltr'><strong>atque</strong></span> <span class='ocrx_word' id='word_1_395' title='bbox 812 4754 858 4798; x_wconf 84' lang='lat' dir='ltr'><strong>ex</strong></span> <span class='ocrx_word' id='word_1_396' title='bbox 879 4734 935 4813; x_wconf 89' lang='lat' dir='ltr'><strong>iis,</strong></span> <span class='ocrx_word' id='word_1_397' title='bbox 959 4754 1034 4817; x_wconf 76' lang='lat' dir='ltr'><strong>quae</strong></span> <span class='ocrx_word' id='word_1_398' title='bbox 1057 4734 1260 4797; x_wconf 84' lang='lat' dir='ltr'><strong>clarissimus</strong></span> <span class='ocrx_word' id='word_1_399' title='bbox 1285 4732 1407 4817; x_wconf 84' lang='lat' dir='ltr'><strong>Heyne</strong></span> <span class='ocrx_word' id='word_1_400' title='bbox 1431 4735 1465 4799; x_wconf 92' lang='lat' dir='ltr'><strong>in</strong></span> 
     </span>
     <span class='ocr_line' id='line_1_50' title="bbox 195 4816 1465 4905; baseline 0 -22"><span class='ocrx_word' id='word_1_401' title='bbox 195 4816 390 4897; x_wconf 68' lang='grc' dir='ltr'><strong>ὶπιδποίιν,</strong></span> <span class='ocrx_word' id='word_1_402' title='bbox 412 4819 585 4887; x_wconf 76' lang='lat' dir='ltr'><strong>Zenodoto</strong></span> <span class='ocrx_word' id='word_1_403' title='bbox 600 4820 680 4884; x_wconf 91' lang='lat' dir='ltr'><strong>olim</strong></span> <span class='ocrx_word' id='word_1_404' title='bbox 694 4817 892 4898; x_wconf 67' lang='lat' dir='ltr'><strong>damnamm,</strong></span> <span class='ocrx_word' id='word_1_405' title='bbox 915 4816 1080 4883; x_wconf 77' lang='lat' dir='ltr'><strong>cumulate</strong></span> <span class='ocrx_word' id='word_1_406' title='bbox 1096 4818 1272 4902; x_wconf 88' lang='lat' dir='ltr'><strong>congessit,</strong></span> <span class='ocrx_word' id='word_1_407' title='bbox 1294 4822 1465 4905; x_wconf 88' lang='lat' dir='ltr'><strong>specimen</strong></span> 
     </span>
    </p>
   </div>
   <div class='ocr_carea' id='block_1_13' title="bbox 235 5095 1306 5168">
    <p class='ocr_par' dir='ltr' id='par_1_16' title="bbox 235 5095 1306 5168">
     <span class='ocr_line' id='line_1_51' title="bbox 235 5095 1306 5168; baseline 0 -16"><span class='ocrx_word' id='word_1_408' title='bbox 235 5097 243 5124; x_wconf 93' lang='lat'>¹</span> <span class='ocrx_word' id='word_1_409' title='bbox 264 5096 299 5152; x_wconf 86' lang='lat' dir='ltr'><strong>lu</strong></span> <span class='ocrx_word' id='word_1_410' title='bbox 310 5096 345 5154; x_wconf 88' lang='lat'><strong>11.</strong></span> <span class='ocrx_word' id='word_1_411' title='bbox 356 5103 388 5157; x_wconf 60' lang='lat' dir='ltr'><strong>i.</strong></span> <span class='ocrx_word' id='word_1_412' title='bbox 399 5104 463 5168; x_wconf 72' lang='lat'><strong>806,</strong></span> <span class='ocrx_word' id='word_1_413' title='bbox 479 5095 543 5156; x_wconf 78' lang='lat' dir='ltr'><strong>vide</strong></span> <span class='ocrx_word' id='word_1_414' title='bbox 556 5098 640 5157; x_wconf 83' lang='lat' dir='ltr'><strong>etiam</strong></span> <span class='ocrx_word' id='word_1_415' title='bbox 652 5099 682 5157; x_wconf 91' lang='lat' dir='ltr'><strong>iu</strong></span> <span class='ocrx_word' id='word_1_416' title='bbox 694 5108 756 5159; x_wconf 77' lang='lat' dir='ltr'><strong>ast.</strong></span> <span class='ocrx_word' id='word_1_417' title='bbox 895 5101 908 5129; x_wconf 89' lang='lat'>²</span> <span class='ocrx_word' id='word_1_418' title='bbox 927 5100 1043 5163; x_wconf 80' lang='lat' dir='ltr'><strong>Quintil.</strong></span> <span class='ocrx_word' id='word_1_419' title='bbox 1055 5104 1124 5155; x_wconf 89' lang='lat' dir='ltr'><strong>lust.</strong></span> <span class='ocrx_word' id='word_1_420' title='bbox 1144 5100 1190 5155; x_wconf 88' lang='lat' dir='ltr'><strong>lib.</strong></span> <span class='ocrx_word' id='word_1_421' title='bbox 1201 5119 1225 5154; x_wconf 80' lang='lat' dir='ltr'><strong>x.</strong></span> <span class='ocrx_word' id='word_1_422' title='bbox 1245 5118 1266 5153; x_wconf 84' lang='lat' dir='ltr'><strong>c.</strong></span> <span class='ocrx_word' id='word_1_423' title='bbox 1284 5106 1306 5153; x_wconf 87' lang='lat'><strong>1.</strong></span> 
     </span>
    </p>
   </div>
   <div class='ocr_carea' id='block_1_14' title="bbox 0 0 1918 5972">
    <p class='ocr_par' dir='ltr' id='par_1_17' title="bbox 0 0 1918 5972">
     <span class='ocr_line' id='line_1_52' title="bbox 0 0 1918 5972; baseline 0 0"><span class='ocrx_word' id='word_1_424' title='bbox 0 0 1918 5972; x_wconf 95' lang='lat' dir='ltr'><strong> </strong></span> 
     </span>
    </p>
   </div>
  </div>
 </body>
</html>
