3825 5975
436 368 487 437 60
903 380 1018 434 nors
1043 379 1092 437 ‚rs
1122 378 1177 433 rr..
1207 366 1245 435 Τ.
1327 428 1334 438 .

524 536 672 603 Fabulae
685 537 729 601 de
748 534 819 601 lilio
833 533 975 601 Achillis
997 556 1020 602 a
1037 536 1158 621 poetis,
1177 536 1235 622 qui
1255 532 1560 621 'ihojeexcidium
1580 544 1613 603 et
1635 541 1710 607 alia

479 624 756 713 post-Homerica
771 622 974 687 carminibus
989 624 1191 701 celebrarint,
1209 624 1360 687 inventas
1383 640 1458 687 esse
1482 630 1588 709 pnto;
1608 634 1711 711 atque

477 711 603 777 exindo
618 712 662 774 ab
685 710 760 773 aliis
780 714 896 774 auctas
919 717 953 774 et
975 713 1124 773 ornatas:
1151 726 1298 773 summus
1312 708 1400 773 enirn
1419 714 1521 793 poeto
1540 730 1708 779 summum

478 798 583 864 beroa
595 796 841 861 successoribus
852 795 1014 861 invidisse
1027 794 1170 872 ridetur,
1182 812 1224 857 ne
1236 792 1335 873 sorte,
1348 794 1427 859 dum
1441 794 1571 859 viribus
1584 798 1708 881 ingenii

482 884 664 967 imparibus
684 886 870 958 tractarent,
885 880 1077 965 dignitatem
1102 881 1175 964 ejus
1195 880 1436 959 imminuerent,
1450 882 1503 945 vel
1524 883 1710 950 claritatem

444 1002 447 1005 ·
484 971 706 1045 obscurarent,
720 967 918 1052 etque-ideo
936 968 1078 1052 jamjam
1099 966 1520 1047 moriturum.exhihuisse;
1537 970 1639 1034 itaut
1651 984 1710 1035 ue-

451 1055 561 1119 amini
590 1071 721 1133 eorum,
750 1055 809 1137 qui
835 1056 1059 1137 subsequutos
1087 1052 1165 1115 belli
1202 1056 1337 1116 eventus
1364 1054 1517 1117 versibus
1544 1055 1708 1123 ornandos

482 1145 602 1225 postea
629 1141 819 1223 suscepturi
846 1139 962 1216 forent,
990 1138 1065 1223 ejus
1099 1156 1274 1222 personam
1303 1139 1337 1202 in
1364 1156 1499 1203 scenam
1527 1140 1707 1222 producere

481 1224 621 1291 liceret'
639 1226 753 1304 Quum
768 1231 878 1291 autem
889 1227 1000 1290 omnia
1009 1226 1185 1307 frigescere
1198 1232 1233 1288 et
1243 1224 1466 1307 languescere,
1477 1243 1519 1289 ea
1532 1227 1707 1305 subducta,

440 1316 449 1369 ἰ
481 1310 593 1397 metae
618 1314 676 1377 isti
698 1314 864 1388 sentirent,
877 1312 1000 1377 locum
1025 1311 1097 1395 ejus
1120 1311 1277 1395 supplere
1302 1311 1517 1389 conabantur,
1539 1317 1577 1377 et
1593 1311 1707 1379 ulium

483 1400 679 1474 subdebant,
695 1401 752 1482 qui
776 1400 807 1462 ei
828 1403 957 1463 mortuo
973 1398 1176 1474 succederet,
1191 1401 1226 1461 et
1239 1402 1350 1479 partes
1363 1396 1439 1481 ejus
1459 1397 1598 1465 inbelle
1611 1401 1707 1465 smu-

441 1513 459 1528 ·-
481 1490 581 1549 neret.
626 1485 726 1549 Hunc
740 1484 847 1552 filium
866 1504 885 1548 e
911 1484 1090 1549 Deidamia
1104 1482 1303 1568 Lycomedis
1321 1482 1401 1561 lilia,
1423 1484 1461 1545 in
1480 1483 1592 1547 insuh
1601 1484 1705 1569 Scyro

440 1593 445 1602 ·
481 1572 594 1635 furtim
623 1590 823 1655 compressa,
850 1578 1058 1654 procreatum
1094 1588 1168 1633 esse
1196 1568 1327 1654 plurimi
1351 1574 1499 1633 vetenrm
1525 1570 1706 1650 hadidrre3

483 1656 681 1742 Lycophron
704 1666 824 1734 autem,
848 1677 892 1721 err
916 1655 1089 1739 Iphigenia
1110 1654 1367 1738 Agamemnonis
1390 1652 1462 1719 filia
1481 1655 1577 1738 justo
1596 1658 1707 1723 noni-

482 1746 596 1807 monio
610 1742 721 1807 ducta.
762 1741 860 1807 Alex.
874 1742 950 1808 324.
996 1742 1148 1827 Regnum
1170 1749 1280 1806 tamen
1298 1742 1329 1805 ei
1348 1746 1522 1825 paternum
1542 1742 1706 1808 baudtri-

439 1863 446 1873 ·
483 1825 584 1893 buere
604 1832 676 1892 susi
697 1837 784 1905 suut,
822 1829 890 1893 uod
911 1830 1058 1893 ricinum
1079 1830 1217 1893 nimium
1238 1832 1272 1891 et
1292 1827 1477 1892 carminum
1499 1826 1706 1895 auditoribus

439 1945 442 1953 .
484 1921 601 1980 notum
615 1922 708 1997 erat3
724 1916 783 1979 sed
839 1915 1039 1993 olossorum,
1054 1916 1161 1997 gentis
1172 1914 1336 1993 barbarea,
1346 1918 1444 1979 extra
1452 1912 1599 1980 Graeciae
1610 1908 1705 1992 finti,

423 2046 427 2054 .
483 2002 528 2067 ab
543 2002 627 2067 Asia
641 2003 881 2080 remotissimae,
896 2002 1014 2086 atejus
1028 2001 1147 2067 incolis
1160 2000 1349 2081 incognitae,
1365 2016 1476 2083 regern
1487 1998 1663 2067 nexerunt

439 2085 575 2153 adeso.
598 2084 754 2165 Edeta
777 2088 994 2161 adumbratos
1015 2106 1103 2166 esse,
1125 2093 1159 2151 et
1184 2106 1206 2149 a
1227 2084 1395 2169 rhapsodo
1419 2086 1571 2164 imatos,
1592 2089 1707 2153 nmio

368 2223 373 2237 .
484 2176 677 2259 suspicatus
691 2180 743 2239 est
756 2172 901 2260 Heynb:
922 2171 1073 2239 Achilles
1096 2174 1182 2237 enim
1206 2190 1347 2256 vespera
1367 2170 1519 2255 proxime
1541 2173 1709 2255 preterita

478 2260 594 2349 „cibum
609 2266 807 2347 sumpserat,
822 2266 921 2345 atque
937 2282 961 2325 a
978 2260 1147 2345 jentaculo
1161 2264 1288 2324 tantum
1301 2274 1387 2323 nunc
1400 2276 1436 2320 se
1450 2258 1710 2336 abstinebattita

447 2385 450 2389 ,
483 2344 617 2413 neree
642 2365 710 2431 ope
734 2350 770 2411 in
791 2345 857 2412 liae
877 2367 916 2411 re
936 2346 1027 2412 haud
1049 2347 1177 2429 egeret:
1204 2351 1239 2409 at
1261 2343 1458 2427 rhapsodns,
1478 2342 1710 2426 quisinguld!

481 2431 693 2516 rhapsodias,
707 2450 774 2499 nou
785 2439 893 2499 toturn
907 2451 1038 2501 carmen
1049 2432 1264 2515 respiciebat,
1278 2428 1365 2494 male
1379 2432 1592 2513 computavit.
1609 2430 1711 2495 Ἥδ-

437 2554 441 2559 -
483 2518 562 2583 litus
574 2538 653 2584 esse
667 2538 803 2604 quoqne
816 2519 957 2596 ridetur,
972 2520 1137 2601 populum
1156 2514 1357 2599 jampridem
1375 2534 1396 2577 e
1418 2514 1559 2578 navibus
1574 2521 1614 2578 ct
1628 2520 1709 2586 'tan-

482 2606 579 2667 toriis
593 2605 639 2668 ad
653 2608 845 2669 concionem
857 2604 1023 2685 prodiisse
1035 2602 1104 2687 (vs.
1114 2599 1176 2685 4.),
1188 2602 1343 2665 inermem
1355 2606 1431 2664 tuuc
1444 2598 1597 2681 qudem:
1606 2613 1711 2665 arma

438 2739 458 2750 ..
484 2689 572 2751 enim
586 2696 710 2771 postea
718 2694 782 2767 (vs.
796 2688 886 2765 360.)
898 2706 918 2751 e
931 2688 1075 2751 nambus
1093 2688 1365 2771 experiebantur,
1389 2710 1421 2748 rs
1432 2683 1523 2748 seius
1534 2686 1709 2771 aemiuli,

313 2829 316 2835 .
485 2790 563 2856 quse
580 2774 711 2857 Heynb,
726 2794 826 2858 quum
840 2774 928 2837 ruald
941 2772 1171 2849 intellexisset,
1185 2774 1308 2837 temere
1322 2772 1473 2837 enavit
1640 2772 1673 2831 .'.

439 2859 594 2925 esaar
616 2867 654 2923 Χ.
671 2860 784 2925 eled.
805 2860 873 2925 buc
892 2859 1031 2925 indocte
1051 2860 1184 2923 retracti
1208 2878 1231 2923 a
1254 2858 1438 2941 rhapsodo,
1455 2858 1513 2943 qui
1534 2854 1709 2925 uescimat

435 2981 442 2992 ·
465 2944 575 3033 ..stopa
587 2948 750 3031 scriptum
763 2953 801 3012 et
813 2944 1073 3029 pronunciatum
1087 2944 1192 3032 frises
1202 2945 1393 3030 antiquitus
1408 2964 1495 3012 esse.
1645 2999 1651 3006 .

434 3031 519 3099 386.
541 3038 619 3099 airu.
638 3057 710 3096 acre
724 3031 953 3110 Aristarchus,
969 3051 1014 3096 ex
1030 3033 1182 3116 antiquis
1194 3031 1449 3115 exemplaribus
1469 3055 1525 3096 m
1543 3045 1660 3110 renas
1673 3033 1710 3098 in

434 3145 445 3169 ··
485 3121 776 3185 aemnoismerito
786 3119 942 3202 pretulit
962 3118 1102 3201 vidgeto
1122 3141 1200 3193 sorr,
1215 3119 1307 3201 quod
1322 3117 1530 3202 trisyllabum
1542 3123 1617 3186 est..
1635 3138 1709 3196 ser,

485 3207 581 3290 quod
594 3209 627 3271 ei
640 3214 740 3271 autea
754 3206 940 3289 placuerat,
955 3213 1058 3288 poena
1071 3207 1122 3270 sic
1135 3209 1337 3288 usurpatum
1348 3205 1506 3270 nescivit.

354 3324 356 3329 ·
436 3289 576 3368 will,
597 3293 689 3357 Vide
703 3291 749 3357 ad
768 3299 807 3354 ll.
824 3292 899 3356 143.
1289 3347 1292 3354 ,
1635 3342 1641 3349 .

437 3377 596 3444 sesses.
619 3377 652 3442 A
674 3377 861 3462 rhapsodis,
885 3378 1028 3445 diversis
1049 3381 1202 3457 somme,
1224 3379 1270 3444 ad
1297 3379 1521 3446 claudendmn
1541 3383 1578 3444 et
1598 3375 1709 3471 sepn-

434 3511 438 3518 .
486 3466 628 3547 gendum
642 3462 762 3529 librum
775 3466 885 3529 assuti
900 3485 977 3531 esse
991 3467 1168 3532 videntur:
1190 3466 1306 3532 insunt
1319 3469 1407 3530 enim
1420 3485 1499 3550 quor
1521 3467 1557 3530 in
1581 3463 1711 3530 Hisne·

435 3571 444 3607 -'
486 3551 591 3622 rimm
604 3551 763 3635 loquendi
777 3551 1058 3618 consuetudinem
1069 3559 1233 3636 peccant3
1248 3560 1284 3616 ct
1297 3552 1430 3619 initium
1441 3550 1712 3634 sequentislibri

484 3655 619 3702 versum
628 3637 770 3722 hujusce
779 3637 962 3715 897-,serie
972 3637 1285 3722 continueexcipit3
1301 3644 1352 3716 ut,
1361 3637 1567 3703 intermediis
1578 3636 1709 3722 matis,

485 3725 596 3788 cuivis
611 3725 734 3789 sentire
746 3724 838 3789 licet.
870 3724 977 3799 Inus·
989 3725 1077 3804 402„
1084 3726 1121 3811 χ’
1133 3729 1229 3806 lepre,
1243 3724 1270 3785 κ’
1279 3749 1374 3805 smper,
1385 3747 1510 3808 χαμη,
1521 3722 1577 3788 vol
1586 3735 1709 3806 Wi

485 3826 687 3894 quocunque
710 3810 856 3892 denique
878 3810 980 3875 modo
996 3809 1138 3889 scribas,
1163 3811 1380 3877 Homericum
1403 3829 1473 3874 nou
1493 3809 1578 3888 erit3
1598 3824 1705 3893 nmque

436 3935 441 3942 ·
483 3894 523 3958 in
536 3915 588 3959 vs.
603 3896 689 3972 421,
708 3914 771 3979 pro
786 3896 920 3978 vulgato
935 3919 965 3958 ro
979 3921 1009 3960 ro
1023 3921 1065 3961 ror
1079 3899 1149 3976 orla,
1165 3897 1258 3980 quod
1273 3917 1374 3962 versu
1398 3903 1486 3962 stare
1510 3894 1708 3978 nequierant

486 3979 722 4046 Bentleiannm
745 4003 775 4042 ro
800 4005 829 4042 νυ
853 4006 891 4064 γε
913 3981 1000 4060 fords,
1027 3988 1085 4048 aut
1108 3979 1332 4068 Heyneanum
1351 4007 1381 4046 ευ
1402 4005 1433 4046 νυ
1451 4007 1479 4046 τι
1498 3981 1584 4058 foria,
1603 3993 1708 4066 atquo

485 4066 597 4131 animo
620 4068 816 4150 acceperim.
856 4070 975 4153 inguar
995 4066 1105 4155 (398.)
1124 4071 1172 4132 in
1185 4069 1378 4136 Homericis
1393 4067 1620 4155 participium,
1636 4083 1709 4130 nou

409 4265 413 4268 .
484 4151 1594 4324 senseresensere
1617 4149 1709 4304 se

481 4325 672 4409 penultima
693 4325 730 4388 in
744 4325 902 4409 obliquis,
917 4330 963 4393 ob
976 4328 1066 4393 v(luas
1089 4328 1331 4410 subsequentes
1356 4329 1478 4392 breves
1498 4323 1706 4410 producitur.

435 4461 441 4476 .
486 4411 620 4478 Nomen
632 4412 815 4495 proprium,
832 4420 1078 4496 eposterorum
1091 4413 1280 4496 theogoniis
1297 4413 1493 4497 proiectum,
1503 4409 1710 4496 poetis-anti·

435 4529 440 4540 ·
484 4499 659 4582 qrrissimis
672 4517 808 4582 prorsus
830 4498 982 4580 ignotum
1004 4508 1093 4579 erat3
1115 4518 1225 4583 nequo
1239 4500 1422 4584 quidquam
1436 4497 1618 4564 aJnnouis
1628 4487 1706 4561 edn-

486 4583 576 4648 siliis
596 4585 702 4666 magis
726 4583 872 4648 alienum
896 4587 1080 4669 excogitari
1103 4589 1244 4670 poterat,
1267 4605 1368 4669 quarn
1391 4583 1558 4654 Achillem
1579 4601 1603 4646 a
1623 4581 1706 4648 bello

440 4687 452 4740 ,’
485 4671 671 4736 absterrere
682 4669 846 4754 prodigiis
855 4671 1035 4754 religionis,
1046 4671 1144 4756 cujus
1155 4667 1474 4739 observantissimus
1488 4665 1706 4759 sempcrinit3

486 4774 678 4840 quanquam
695 4757 774 4820 vita
790 4756 978 4841 salutisque
995 4779 1068 4824 sum
1082 4757 1243 4842 prodigus
1254 4763 1293 4822 et
1309 4761 1531 4840 contemptor.
1576 4753 1706 4821 Versus

437 4859 441 4866 ’
479 4843 874 5009 &mmm
858 4842 989 4927 frigent,
1006 4844 1071 4910 etsi
1086 4842 1182 4928 Pope
1197 4844 1232 4908 in
1243 4846 1395 4914 versione
1408 4839 1552 4927 Anglica
1565 4835 1708 4957 eosftbd·
