3825 5975
380 396 403 461 2
883 391 1139 490 Prolegomeaa

423 578 474 626 ιν.
498 559 582 627 Post
594 561 739 646 direptas
758 569 866 627 autam
880 570 913 628 et
927 565 963 629 in
984 567 1171 629 servitutem
1192 562 1344 629 redactas
1369 582 1391 625 a
1406 560 1485 645 Gyri
1505 562 1646 629 ducibus

379 646 530 711 civitates
545 646 650 724 Asiae,
673 649 785 729 ingens
801 651 981 713 carminum
995 652 1095 732 copia
1108 650 1143 713 in
1157 648 1324 713 Graeciam
1342 647 1437 711 illata
1449 652 1511 725 est,
1533 667 1574 713 ac
1589 669 1647 731 per
1758 692 1770 700 -

379 732 479 796 urbes
493 741 526 795 et
539 734 632 797 vicos
646 732 820 797 masnata
841 736 903 797 sub
916 736 1048 798 nomine
1071 734 1221 811 Homeri,
1246 734 1332 797 vatis
1351 733 1581 815 antiquissimi,
1600 734 1647 799 de

378 834 447 964 cuo
461 817 565 882 rntdta
579 824 612 881 et
625 820 804 899 incongrua
816 821 993 883 narrabant
1005 819 1064 883 isti
1077 819 1235 895 homines,
1255 818 1313 900 qui
1331 824 1485 901 poemata
1503 819 1648 901 sparsim

402 904 613 983 ecantahant;
635 910 732 987 atque
747 903 872 967 idcirco
890 902 1024 989 ῥαψῳδοὶ,
1045 905 1068 967 i.
1078 922 1108 968 e.
1130 909 1240 989 ῥαπτῶν
1255 899 1338 965 ἐτέων
1352 902 1461 985 &tibist
1487 902 1648 986 appellati

380 992 464 1050 sunt.
509 986 662 1051 Carmina
684 990 759 1072 ipsa
781 990 817 1054 in
842 990 1045 1055 diversorum
1070 1008 1243 1072 corporum
1262 1007 1440 1071 compages
1463 990 1507 1053 ab
1528 988 1648 1055 iisdem
1775 994 1779 1002 '

267 1138 279 1157 .
378 1070 567 1135 hominihus
594 1079 748 1155 congesta
768 1076 821 1137 vel
845 1075 978 1138 redacta
1005 1092 1079 1137 esse
1099 1072 1259 1137 femnorr:
1282 1078 1383 1155 atque
1405 1073 1588 1156 sumptibus
1614 1078 1649 1137 et

382 1174 462 1219 cura
477 1156 653 1236 Pisistrati,
679 1164 712 1223 et
726 1160 865 1223 aliorum
888 1159 1027 1223 forsitan
1048 1159 1233 1241 principum
1256 1158 1310 1221 vel
1328 1164 1534 1241 ηταῐιιιοωω
1557 1156 1648 1239 illius

380 1240 494 1320 seculi,
515 1242 632 1306 litteris
660 1244 822 1309 mandata.
868 1242 986 1327 Ipsum
1011 1242 1223 1307 Pisistratum
1249 1244 1454 1325 grammatici
1483 1248 1517 1306 et
1539 1244 1647 1308 critici

381 1323 490 1389 officio
504 1324 748 1405 sunctum'esse,
771 1335 803 1394 et
821 1326 951 1391 Homeri
973 1325 1078 1405 libros,
1100 1325 1239 1414 corfiuos
1252 1336 1356 1402 antea,
1377 1328 1427 1391 sic
1441 1328 1647 1412 disposuisse

380 1414 418 1473 ut
434 1411 600 1494 jaminde
623 1415 797 1491 extiterint,
820 1413 949 1491 Cicero,
973 1413 1151 1496 aquodam
1173 1433 1301 1477 rumore
1326 1413 1461 1490 incerto,
1485 1412 1649 1478 tradidit.²

382 1492 577 1579 Complures
599 1496 688 1580 apud
711 1504 861 1580 posteros
877 1499 998 1567 ¹eadem
1020 1498 1229 1581 repetierrmt,
1253 1496 1386 1563 sublata
1406 1499 1496 1563 omni
1518 1496 1649 1562 dubita·

379 1580 486 1660 tione3
509 1587 545 1644 ut
558 1582 664 1647 solent
676 1584 822 1648 homines
836 1586 870 1648 in
884 1582 1046 1669 ejusmodi
1058 1584 1243 1648 rumoribus
1256 1580 1438 1663 tradendis;
1459 1582 1539 1647 dum
1552 1583 1650 1648 inriti

380 1664 492 1742 etiam,
513 1668 649 1731 naturali
676 1670 820 1751 quodam
845 1670 982 1752 impetu,
1003 1669 1147 1733 serenhrr
1160 1671 1195 1733 in
1218 1667 1366 1750 augendo
1389 1674 1423 1733 et
1436 1666 1593 1745 ornando,
1615 1674 1649 1732 et

381 1770 444 1833 pro
468 1754 643 1835 compertis
666 1760 699 1817 et
722 1754 913 1841 indubitatis
931 1754 1139 1832 venditando,
1165 1772 1403 1837 quaecrmquee
1417 1752 1649 1817 traditionibus

381 1834 533 1899 obscuris
547 1844 580 1903 et
594 1828 723 1903 incertis
738 1840 935 1923 acceperint.
979 1838 1145 1923 Atneque
1161 1838 1362 1915 Herodotus,
1386 1856 1494 1921 nequa
1517 1836 1649 1923 'lhuey-
1743 1891 1747 1897 .

381 1918 487 1998 dides,
508 1940 614 2023 neque
629 1922 738 2000 Plato,
761 1945 867 2008 neque
882 1923 1089 2002 Aristoteles,
1114 1927 1171 2008 qui
1185 1930 1234 1989 tot
1247 1923 1288 1987 de
1303 1923 1465 2000 Homero,
1486 1920 1528 1985 de
1542 1921 1649 1987 Pisis·

380 2010 478 2083 trato,
501 2013 533 2070 et
547 2008 624 2071 hliis
637 2008 722 2092 ejuS,
744 2011 910 2077 memoriae
923 2008 1146 2093 prodiderunt,
1170 2015 1262 2074 tanta
1274 2010 1309 2072 in
1332 2013 1467 2091 poetam
1486 2007 1651 2073 beneficia

380 2108 477 2154 nosse
508 2094 638 2158 omuino
663 2093 824 2159 videntur.
868 2090 1063 2159 Aristoteles
1086 2102 1206 2171 autem,
1234 2096 1286 2157 vir
1306 2113 1415 2157 rerum
1438 2093 1649 2175 antiquarum

380 2176 607 2257 peritissimus,
635 2178 752 2241 laudes
775 2178 809 2243 in
832 2180 1018 2243 Homerum
1040 2179 1188 2242 cumulat
1210 2178 1255 2241 oh
1276 2177 1447 2260 pulchram
1471 2178 1649 2242 carminum

371 2256 642 2343 dispositionem,
664 2267 697 2325 et
710 2264 921 2327 artificiosam
936 2282 1133 2345 compagum
1152 2268 1364 2341 structuram3
1387 2281 1492 2345 neque
1505 2280 1650 2345 unquam

380 2346 569 2427 suspicatus
591 2352 642 2409 est
654 2365 710 2409 eas
736 2347 853 2413 landes
868 2347 912 2411 ad
934 2367 1048 2412 eorum
1061 2347 1260 2411 redactorem
1279 2347 1501 2425 Pisistratum,
1526 2367 1592 2411 mn
1605 2347 1650 2413 ad

381 2436 526 2513 poetam,
545 2431 620 2515 jure
634 2433 839 2515 pertinuisse.
884 2432 1016 2497 Fabula
1028 2432 1238 2497 nihilominus
1252 2433 1303 2497 sic
1317 2433 1420 2497 crevit
1431 2434 1552 2511 eundo,
1573 2437 1611 2497 ut
1630 2454 1650 2497 e

380 2514 470 2581 sama
493 2517 581 2580 tenui
606 2522 639 2581 et
652 2518 793 2583 obscura
816 2522 896 2583 inter
910 2510 1098 2584 Aristotelis
1116 2523 1148 2581 et
1163 2515 1334 2603 Ciceronis
1356 2522 1488 2583 aetatem
1502 2525 1587 2596 orta,
1609 2538 1650 2583 ac
1695 2526 1698 2530 ’

380 2601 482 2688 yariis
505 2601 622 2671 deiude
646 2605 902 2669 circumstantiis
924 2604 1099 2688 paullatim
1122 2608 1221 2667 aucta
1247 2610 1281 2668 et
1303 2608 1431 2682 ornata,
1456 2602 1651 2669 Judaeorum

381 2684 511 2751 tandem
537 2686 730 2763 somnia‘de,
753 2709 919 2754 sacrorum
945 2690 1100 2753 librorum
1122 2690 1189 2753 inte
1228 2689 1387 2753 rotatione
1410 2690 1566 2754 aemulata
1588 2688 1652 2768 sit;

381 2776 481 2854 atque
510 2773 715 2853 Pisistratus,
746 2772 1022 2859 quemadmodum
1049 2779 1167 2858 postea
1222 2774 1391 2838 tolemaeus
1415 2772 1651 2855 Philadelphus

382 2870 498 2921 uxum
523 2862 807 2941 grammaticorum
822 2878 925 2943 opera
938 2879 1033 2937 usus,
1054 2860 1136 2923 inter
1150 2878 1236 2941 quos
1258 2858 1448 2923 Zenodotus
1461 2864 1494 2923 et
1506 2857 1652 2923 Aristar-

382 2942 463 3008 chus
517 2946 699 3028 raecipuum
728 2946 838 3011 locum
862 2945 1057 3023 obtinerent,
1080 2942 1262 3008 Homerica
1284 2944 1433 3008 carmina
1454 2961 1572 3059 sparsa
1594 2947 1652 3008 aut

379 3026 478 3112 deper
501 3031 548 3095 ita
561 3030 742 3114 collegisse,
764 3037 797 3094 et
812 3031 925 3094 induo
941 3049 1080 3114 corpora
1102 3029 1272 3108 redegisse
1285 3025 1477 3092 crederetur.
1535 3027 1653 3110 Nuga-

380 3113 590 3178 cissimorum
617 3113 783 3178 hominum
805 3115 924 3196 putida
950 3118 1135 3178 commenta
1163 3132 1332 3176 recensere
1355 3112 1458 3196 pudet
1480 3114 1652 3196 pigetque:

379 3199 510 3274 tametsi
524 3217 545 3260 a
559 3199 755 3281 quibusdam
768 3198 858 3262 haud
872 3197 1023 3276 moneas,
1038 3197 1097 3261 sed
1110 3216 1271 3262 novarum
1284 3199 1320 3262 in
1332 3211 1368 3262 re
1378 3199 1536 3262 criticaet
1547 3197 1654 3264 histo·

365 3283 452 3346 'rica
481 3283 671 3368 opinionum
699 3285 835 3347 nimium
863 3283 1031 3359 studiosis,
1051 3281 1258 3365 Thucydidis
1284 3289 1320 3346 et
1340 3280 1534 3347 hustetelis
1560 3282 1654 3364 graui
1710 3285 1717 3298 '

329 3377 330 3380 ’
377 3365 508 3452 judicio
523 3374 556 3434 et
569 3369 755 3434 auctoritati
771 3368 1008 3452 praelataesse,
1023 3367 1138 3431 dolens
1152 3367 1388 3450 indignansque
1402 3365 1565 3432 videam.⁴

426 3453 466 3520 v.'
476 3453 526 3516 'In
542 3451 675 3537 dialogo
689 3453 874 3530 Socratico,
899 3454 952 3518 cui
967 3471 1085 3516 nomen
1110 3451 1299 3535 Hipparchi
1317 3451 1520 3534 adscriptum
1534 3457 1597 3529 est,
1618 3457 1654 3518 et

371 3541 387 3580 <'
406 3538 440 3602 ui
469 3539 551 3604 inter
578 3539 740 3615 Platonis,
771 3539 872 3602 dubia
900 3539 1106 3614 auctoritate,
1134 3533 1346 3616 recensetur,'
1370 3535 1537 3601 Pisistrati
1563 3536 1653 3602 filius

421 3623 599 3706 ipparchus
614 3623 794 3689 Homerica
807 3624 954 3688 carmina
974 3624 1099 3706 primus
1113 3620 1251 3686 Athenis
1264 3622 1415 3687 inbrlissa
1428 3621 1559 3699 dean,
1585 3628 1618 3685 et
1631 3641 1655 3686 a

381 3699 558 3789 rhapsodis
571 3707 604 3770 in
618 3707 742 3785 ordine,
756 3706 894 3772 alterurn
908 3709 1010 3772 altero
1023 3708 1222 3791 excipiente,
1240 3708 1274 3771 in
1292 3705 1521 3771 Panathenaeis
1534 3707 1654 3771 decan·

381 3792 483 3858 tanda
507 3811 663 3871 ctuasse3
687 3792 743 3875 qui
768 3813 841 3857 mos
868 3793 959 3877 apud
982 3800 1131 3874 posteros
1155 3793 1258 3856 etiam
1279 3792 1430 3875 viguit;⁶
1452 3799 1553 3876 atque
1577 3790 1653 3855 inde

381 3877 523 3942 fortasse
536 3877 647 3941 sabula
661 3878 702 3942 de
717 3877 915 3942 carminibus
931 3899 952 3942 a
967 3877 1143 3942 Pisistrato
1158 3885 1217 3942 aut
1230 3875 1450 3942 Pisistratidis
1465 3878 1655 3960 incorpora

382 3961 532 4028 collectis
559 3964 655 4052 etin
683 3957 830 4026 ordinem
852 3964 993 4028 redactis
1019 3963 1178 4045 originem
1200 3964 1312 4030 uouit.
1356 3960 1573 4046 Rhapsodos,
1594 3961 1653 4046 qui

1452 4065 1462 4114 t

310 4305 314 4312 .
419 4263 428 4290 ¹
448 4258 559 4311 Pindur.
577 4259 700 4314 Naeuii.
982 4261 996 4289 ²
1014 4261 1059 4312 De
1070 4261 1193 4325 Oratore,
1210 4259 1229 4313 l.
1239 4257 1278 4314 iii.

418 4331 430 4368 ³
451 4328 521 4382 Vide
533 4327 661 4384 Diomed.
674 4330 703 4384 in
715 4327 861 4385 Villoiaon.
872 4327 1064 4400 anecdotap.
1077 4329 1167 4383 Woltii
1179 4329 1330 4400 prolegom.

419 4398 538 4454 *Jeune
558 4399 735 4464 Anacharsis,
755 4399 854 4454 introd.
890 4401 1003 4468 Bryant
1014 4399 1134 4454 Aucieut
1151 4399 1327 4471 Mythology.
1361 4394 1440 4468 Siege
1457 4393 1492 4450 of
1504 4395 1587 4465 Troy,
1602 4391 1655 4450 &a

381 4465 473 4524 wolfi}
487 4467 634 4540 prolegom.
645 4467 673 4522 in
687 4471 797 4524 Homer.

418 4539 429 4574 ⁵
447 4537 545 4591 AElian.
559 4541 623 4594 Var.
637 4538 710 4593 llist.
721 4538 739 4593 l.
749 4538 805 4592 viii.
824 4555 845 4592 a.
857 4547 881 4594 9.
1180 4591 1185 4596 .
1707 4596 1712 4606 „

414 4605 480 4662 ⁶⁸06
491 4611 553 4658 olma
564 4627 590 4656 rr
601 4609 676 4658 eram
684 4611 722 4659 sal
734 4611 793 4660 auid
802 4609 857 4675 igr*
873 4613 950 4670 capiar
960 4609 1104 4672 deodatus,
1118 4610 1158 4657 aet
1169 4609 1200 4657 ‘rai
1208 4606 1307 4685 ‘opticen
1315 4607 1397 4672 πρῖνος
1408 4605 1513 4671 inditam
1528 4609 1551 4662 t<
1566 4607 1604 4658 nir
1614 4605 1656 4664 γῆν

349 4705 357 4732 ·.
383 4673 487 4723 rainer
502 4676 538 4721 ael
549 4673 659 4734 didymus
671 4676 722 4730 erbe
737 4673 856 4740 ῥαψῳδοὺς
867 4675 1022 4731 Παναθηναίοις
1033 4675 1060 4736 ἒξ
1073 4672 1204 4732 ὑπολήψεις
1215 4671 1292 4735 itti&
1303 4673 1364 4726 adrui
1378 4672 1465 4733 &abac
1480 4672 1602 4736 ὅηιμῦν
1618 4668 1656 4720 i'rt

383 4737 534 4784 attentatae
547 4756 568 4784 κ.
578 4754 602 4785 r.
610 4748 632 4786 λ.
666 4739 812 4792 Homerica
824 4739 942 4792 Athenis
954 4751 1039 4794 aritea
1049 4741 1143 4810 ignota
1155 4737 1240 4791 inisse
1252 4753 1344 4803 nemo,
1361 4736 1416 4790 uisi
1428 4751 1518 4788 rerum
1530 4751 1567 4787 an
1581 4733 1586 4743 '
1609 4747 1657 4786 ua-

381 4816 442 4858 rum
454 4805 694 4876 proeaetgnarus
707 4808 796 4874 suerit,
814 4807 893 4862 facile
911 4807 1069 4864 crediderit:
1092 4807 1139 4864 sed
1158 4817 1217 4862 tota
1234 4805 1438 4862 narratiuncula
1455 4803 1603 4874 suspicioni
1623 4818 1657 4856 us

374 4872 460 4943 justis
473 4873 660 4930 obnoxiaest:
679 4875 858 4948 ineptissimis
879 4878 953 4933 enirn
971 4879 1138 4934 commentis
1149 4879 1183 4933 de
1196 4877 1353 4947 Hipparcho
1364 4885 1492 4941 tyranno,
1510 4873 1569 4944 ejus
1579 4873 1658 4927 bler-

378 4942 471 5009 curiis,
488 4945 539 5000 dte.
551 4943 603 5000 &a
622 4943 719 5000 referta
739 4959 790 5014 est,
828 4965 879 5014 ua,
896 4965 949 5020 quo
962 4948 1020 5004 loco
1033 4951 1160 5004 habenda
1171 4947 1237 5012 siut,
1252 4947 1331 5005 Thus
1342 4942 1519 4998 'didesantea
1529 4939 1656 5019 ostende

307 5051 314 5060 .
381 5020 438 5137 cat:
468 5013 532 5070 Veri
544 5023 638 5072 tarum
650 5015 752 5092 aliquid
765 4964 902 5074 saliatem
916 5028 1019 5090 potest;
1037 5019 1109 5093 quod
1127 5033 1221 5074 eruere
1238 5026 1267 5071 et
1284 5015 1314 5072 in
1342 5031 1420 5070 ucern
1434 5013 1553 5086 prolerre
1564 5019 1656 5068 conati

396 5099 485 5140 umus.
1683 5095 1695 5102 “
