<?xml version="1.0" encoding="UTF-8"?>
<!DOCTYPE html PUBLIC "-//W3C//DTD XHTML 1.0 Transitional//EN"
    "http://www.w3.org/TR/xhtml1/DTD/xhtml1-transitional.dtd">
<html xmlns="http://www.w3.org/1999/xhtml" xml:lang="en" lang="en">
 <head>
  <title>
</title>
<meta http-equiv="Content-Type" content="text/html;charset=utf-8" />
  <meta name='ocr-system' content='tesseract 3.04.00' />
  <meta name='ocr-capabilities' content='ocr_page ocr_carea ocr_par ocr_line ocrx_word'/>
</head>
<body>
  <div class='ocr_page' id='page_1' title='image "./carminahomerica00kniggoog/carminahomerica00kniggoog_0021.png"; bbox 0 0 3825 5975; ppageno 0'>
   <div class='ocr_carea' id='block_1_1' title="bbox 838 305 2365 412">
    <p class='ocr_par' dir='ltr' id='par_1_1' title="bbox 838 305 2365 412">
     <span class='ocr_line' id='line_1_1' title="bbox 838 305 2365 412; baseline -0.003 -21"><span class='ocrx_word' id='word_1_1' title='bbox 838 319 931 391; x_wconf 82' lang='lat'><strong>10</strong></span> <span class='ocrx_word' id='word_1_2' title='bbox 1311 305 1315 311; x_wconf 40' lang='lat'><strong><em>⁴</em></strong></span> <span class='ocrx_word' id='word_1_3' title='bbox 1834 315 2365 412; x_wconf 23' lang='lat' dir='ltr'><strong>‘Prolegomenq</strong></span> 
     </span>
    </p>
   </div>
   <div class='ocr_carea' id='block_1_2' title="bbox 835 483 3429 1178">
    <p class='ocr_par' dir='ltr' id='par_1_2' title="bbox 835 483 3429 1178">
     <span class='ocr_line' id='line_1_2' title="bbox 838 483 3379 573; baseline 0.002 -20"><span class='ocrx_word' id='word_1_4' title='bbox 838 485 1105 553; x_wconf 77' lang='lat' dir='ltr'><strong>sortitus</strong></span> <span class='ocrx_word' id='word_1_5' title='bbox 1129 487 1325 562; x_wconf 86' lang='lat' dir='ltr'><strong>essct,</strong></span> <span class='ocrx_word' id='word_1_6' title='bbox 1366 483 1675 551; x_wconf 82' lang='lat' dir='ltr'><strong>Vulcano</strong></span> <span class='ocrx_word' id='word_1_7' title='bbox 1704 487 1985 573; x_wconf 83' lang='lat' dir='ltr'><strong>fortasse</strong></span> <span class='ocrx_word' id='word_1_8' title='bbox 2013 489 2377 573; x_wconf 88' lang='lat' dir='ltr'><strong>scalprum,</strong></span> <span class='ocrx_word' id='word_1_9' title='bbox 2426 492 2495 552; x_wconf 91' lang='lat' dir='ltr'><strong>et</strong></span> <span class='ocrx_word' id='word_1_10' title='bbox 2535 487 2581 554; x_wconf 83' lang='lat' dir='ltr'><strong>J</strong></span> <span class='ocrx_word' id='word_1_11' title='bbox 2586 490 2698 554; x_wconf 89' lang='lat' dir='ltr'><strong>ovi</strong></span> <span class='ocrx_word' id='word_1_12' title='bbox 2725 489 2995 555; x_wconf 76' lang='lat' dir='ltr'><strong>fundam</strong></span> <span class='ocrx_word' id='word_1_13' title='bbox 3023 488 3379 557; x_wconf 68' lang='lat' dir='ltr'><strong>tribuisset.</strong></span> 
     </span>
     <span class='ocr_line' id='line_1_3' title="bbox 839 569 3382 665; baseline 0.003 -30"><span class='ocrx_word' id='word_1_14' title='bbox 839 569 1146 665; x_wconf 63' lang='lat' dir='ltr'><strong>Moribus</strong></span> <span class='ocrx_word' id='word_1_15' title='bbox 1176 574 1395 665; x_wconf 76' lang='lat' dir='ltr'><strong>autem</strong></span> <span class='ocrx_word' id='word_1_16' title='bbox 1417 571 1700 652; x_wconf 65' lang='lat' dir='ltr'><strong>‚illorum</strong></span> <span class='ocrx_word' id='word_1_17' title='bbox 1724 578 2093 659; x_wconf 82' lang='lat' dir='ltr'><strong>temporum</strong></span> <span class='ocrx_word' id='word_1_18' title='bbox 2122 575 2483 660; x_wconf 79' lang='lat' dir='ltr'><strong>simplicior</strong></span> <span class='ocrx_word' id='word_1_19' title='bbox 2510 573 2974 643; x_wconf 77' lang='lat' dir='ltr'><strong>miraculorum</strong></span> <span class='ocrx_word' id='word_1_20' title='bbox 3016 575 3382 660; x_wconf 81' lang='lat' dir='ltr'><strong>expedien-</strong></span> 
     </span>
     <span class='ocr_line' id='line_1_4' title="bbox 836 654 3381 747; baseline 0.004 -27"><span class='ocrx_word' id='word_1_21' title='bbox 836 654 1071 728; x_wconf 83' lang='lat' dir='ltr'><strong>dorum</strong></span> <span class='ocrx_word' id='word_1_22' title='bbox 1097 659 1263 739; x_wconf 77' lang='lat' dir='ltr'><strong>ratio</strong></span> <span class='ocrx_word' id='word_1_23' title='bbox 1294 659 1759 738; x_wconf 53' lang='lat' dir='ltr'><strong>conveniebam</strong></span> <span class='ocrx_word' id='word_1_24' title='bbox 1805 666 1874 725; x_wconf 92' lang='lat' dir='ltr'><strong>et</strong></span> <span class='ocrx_word' id='word_1_25' title='bbox 1898 680 2102 745; x_wconf 91' lang='lat' dir='ltr'><strong>quum</strong></span> <span class='ocrx_word' id='word_1_26' title='bbox 2123 668 2329 744; x_wconf 85' lang='lat' dir='ltr'><strong>poeta</strong></span> <span class='ocrx_word' id='word_1_27' title='bbox 2358 660 2628 747; x_wconf 81' lang='lat' dir='ltr'><strong>clypeos</strong></span> <span class='ocrx_word' id='word_1_28' title='bbox 2656 668 2725 728; x_wconf 91' lang='lat' dir='ltr'><strong>et</strong></span> <span class='ocrx_word' id='word_1_29' title='bbox 2750 662 3081 743; x_wconf 80' lang='lat' dir='ltr'><strong>thoraces,</strong></span> <span class='ocrx_word' id='word_1_30' title='bbox 3107 659 3381 737; x_wconf 82' lang='lat' dir='ltr'><strong>rudibus</strong></span> 
     </span>
     <span class='ocr_line' id='line_1_5' title="bbox 835 726 3383 840; baseline 0.003 -36"><span class='ocrx_word' id='word_1_31' title='bbox 835 739 1003 840; x_wconf 80' lang='lat' dir='ltr'><strong>forte</strong></span> <span class='ocrx_word' id='word_1_32' title='bbox 1031 726 1290 836; x_wconf 60' lang='lat' dir='ltr'><strong>figuris„</strong></span> <span class='ocrx_word' id='word_1_33' title='bbox 1320 739 1563 810; x_wconf 86' lang='lat' dir='ltr'><strong>malleo</strong></span> <span class='ocrx_word' id='word_1_34' title='bbox 1592 745 1872 823; x_wconf 77' lang='lat' dir='ltr'><strong>extusis,</strong></span> <span class='ocrx_word' id='word_1_35' title='bbox 1919 750 2033 816; x_wconf 90' lang='lat' dir='ltr'><strong>aut</strong></span> <span class='ocrx_word' id='word_1_36' title='bbox 2058 766 2186 815; x_wconf 83' lang='lat' dir='ltr'><strong>acu</strong></span> <span class='ocrx_word' id='word_1_37' title='bbox 2213 747 2320 813; x_wconf 86' lang='lat' dir='ltr'><strong>vel</strong></span> <span class='ocrx_word' id='word_1_38' title='bbox 2348 747 2685 829; x_wconf 72' lang='lat' dir='ltr'><strong>pigmentp</strong></span> <span class='ocrx_word' id='word_1_39' title='bbox 2715 748 3084 831; x_wconf 74' lang='lat' dir='ltr'>impressis,</span> <span class='ocrx_word' id='word_1_40' title='bbox 3114 750 3383 813; x_wconf 84' lang='lat' dir='ltr'><strong>ornatos</strong></span> 
     </span>
     <span class='ocr_line' id='line_1_6' title="bbox 839 819 3429 926; baseline 0.003 -35"><span class='ocrx_word' id='word_1_41' title='bbox 839 827 1142 926; x_wconf 74' lang='lat' dir='ltr'><strong>vidisset,</strong></span> <span class='ocrx_word' id='word_1_42' title='bbox 1204 819 1517 912; x_wconf 80' lang='lat' dir='ltr'><strong>perfacile</strong></span> <span class='ocrx_word' id='word_1_43' title='bbox 1575 836 1718 896; x_wconf 86' lang='lat' dir='ltr'><strong>erat</strong></span> <span class='ocrx_word' id='word_1_44' title='bbox 1771 832 2017 913; x_wconf 64' lang='lat' dir='ltr'><strong>vivido⁶</strong></span> <span class='ocrx_word' id='word_1_45' title='bbox 2047 833 2192 917; x_wconf 73' lang='lat' dir='ltr'><strong>ejus</strong></span> <span class='ocrx_word' id='word_1_46' title='bbox 2229 833 2510 915; x_wconf 60' lang='lat' dir='ltr'><strong>‚ingenio</strong></span> <span class='ocrx_word' id='word_1_47' title='bbox 2567 833 2884 916; x_wconf 85' lang='lat' dir='ltr'><strong>majorem</strong></span> <span class='ocrx_word' id='word_1_48' title='bbox 2936 835 3006 901; x_wconf 89' lang='lat' dir='ltr'><strong>in</strong></span> <span class='ocrx_word' id='word_1_49' title='bbox 3063 833 3383 907; x_wconf 70' lang='lat' dir='ltr'><strong>imitando</strong></span> <span class='ocrx_word' id='word_1_50' title='bbox 3423 866 3429 871; x_wconf 90' lang='lat'><strong>·</strong></span> 
     </span>
     <span class='ocr_line' id='line_1_7' title="bbox 840 914 3380 1009; baseline 0.003 -33"><span class='ocrx_word' id='word_1_51' title='bbox 840 914 1174 1009; x_wconf 66' lang='lat' dir='ltr'><strong>solertiam</strong></span> <span class='ocrx_word' id='word_1_52' title='bbox 1224 934 1334 983; x_wconf 86' lang='lat' dir='ltr'><strong>ac.</strong></span> <span class='ocrx_word' id='word_1_53' title='bbox 1364 915 1668 999; x_wconf 71' lang='lat' dir='ltr'><strong>peritiam</strong></span> <span class='ocrx_word' id='word_1_54' title='bbox 1717 916 1844 995; x_wconf 75' lang='lat' dir='ltr'><strong>deo</strong></span> <span class='ocrx_word' id='word_1_55' title='bbox 1884 919 2204 998; x_wconf 87' lang='lat' dir='ltr'><strong>tribuere;</strong></span> <span class='ocrx_word' id='word_1_56' title='bbox 2248 925 2446 1001; x_wconf 85' lang='lat' dir='ltr'><strong>atque</strong></span> <span class='ocrx_word' id='word_1_57' title='bbox 2495 917 2794 1001; x_wconf 81' lang='lat' dir='ltr'><strong>pleniora</strong></span> <span class='ocrx_word' id='word_1_58' title='bbox 2839 925 3242 1001; x_wconf 80' lang='lat' dir='ltr'><strong>argumenta,</strong></span> <span class='ocrx_word' id='word_1_59' title='bbox 3293 938 3380 983; x_wconf 88' lang='lat' dir='ltr'><strong>ex</strong></span> 
     </span>
     <span class='ocr_line' id='line_1_8' title="bbox 843 999 3385 1088; baseline 0.004 -28"><span class='ocrx_word' id='word_1_60' title='bbox 843 999 1020 1063; x_wconf 84' lang='lat' dir='ltr'><strong>omni</strong></span> <span class='ocrx_word' id='word_1_61' title='bbox 1046 1016 1262 1064; x_wconf 87' lang='lat' dir='ltr'><strong>rerum</strong></span> <span class='ocrx_word' id='word_1_62' title='bbox 1288 1007 1523 1088; x_wconf 62' lang='lat' dir='ltr'><strong>natura</strong></span> <span class='ocrx_word' id='word_1_63' title='bbox 1551 1000 1857 1080; x_wconf 80' lang='lat' dir='ltr'><strong>collecta,</strong></span> <span class='ocrx_word' id='word_1_64' title='bbox 1889 1005 1953 1068; x_wconf 91' lang='lat' dir='ltr'><strong>ei</strong></span> <span class='ocrx_word' id='word_1_65' title='bbox 1981 1003 2331 1087; x_wconf 89' lang='lat' dir='ltr'><strong>subjicere.</strong></span> <span class='ocrx_word' id='word_1_66' title='bbox 2422 1002 2658 1087; x_wconf 89' lang='lat' dir='ltr'><strong>Neque</strong></span> <span class='ocrx_word' id='word_1_67' title='bbox 2685 1002 3044 1087; x_wconf 86' lang='lat' dir='ltr'><strong>quomodo,</strong></span> <span class='ocrx_word' id='word_1_68' title='bbox 3091 1011 3208 1075; x_wconf 84' lang='lat' dir='ltr'><strong>aut</strong></span> <span class='ocrx_word' id='word_1_69' title='bbox 3234 1005 3385 1087; x_wconf 90' lang='lat' dir='ltr'><strong>qui-</strong></span> 
     </span>
     <span class='ocr_line' id='line_1_9' title="bbox 843 1082 3386 1178; baseline 0.003 -32"><span class='ocrx_word' id='word_1_70' title='bbox 843 1082 972 1146; x_wconf 88' lang='lat' dir='ltr'><strong>bus</strong></span> <span class='ocrx_word' id='word_1_71' title='bbox 999 1085 1467 1166; x_wconf 85' lang='lat' dir='ltr'><strong>instrumentis,</strong></span> <span class='ocrx_word' id='word_1_72' title='bbox 1507 1086 1739 1154; x_wconf 72' lang='lat' dir='ltr'><strong>‘divina</strong></span> <span class='ocrx_word' id='word_1_73' title='bbox 1789 1089 1908 1155; x_wconf 90' lang='lat' dir='ltr'><strong>illa</strong></span> <span class='ocrx_word' id='word_1_74' title='bbox 1938 1108 2142 1174; x_wconf 77' lang='lat' dir='ltr'><strong>opera</strong></span> <span class='ocrx_word' id='word_1_75' title='bbox 2170 1088 2569 1171; x_wconf 90' lang='lat' dir='ltr'><strong>perficienda</strong></span> <span class='ocrx_word' id='word_1_76' title='bbox 2593 1089 2906 1168; x_wconf 81' lang='lat' dir='ltr'><strong>fuissent3</strong></span> <span class='ocrx_word' id='word_1_77' title='bbox 2953 1096 3072 1155; x_wconf 87' lang='lat' dir='ltr'><strong>aut</strong></span> <span class='ocrx_word' id='word_1_78' title='bbox 3113 1109 3199 1152; x_wconf 86' lang='lat' dir='ltr'><strong>an</strong></span> <span class='ocrx_word' id='word_1_79' title='bbox 3224 1089 3386 1178; x_wconf 77' lang='lat' dir='ltr'><strong>talia</strong></span> 
     </span>
    </p>
   </div>
   <div class='ocr_carea' id='block_1_3' title="bbox 844 1169 3537 1264">
    <p class='ocr_par' dir='ltr' id='par_1_3' title="bbox 844 1169 3537 1264">
     <span class='ocr_line' id='line_1_10' title="bbox 844 1169 3537 1264; baseline 0.01 -34"><span class='ocrx_word' id='word_1_80' title='bbox 844 1178 1085 1246; x_wconf 50' lang='lat' dir='ltr'><strong>censui,</strong></span> <span class='ocrx_word' id='word_1_81' title='bbox 1113 1174 1330 1250; x_wconf 51' lang='lat' dir='ltr'><strong>qualia·</strong></span> <span class='ocrx_word' id='word_1_82' title='bbox 1366 1169 1455 1241; x_wconf 22' lang='lat' dir='ltr'><strong>ab,</strong></span> <span class='ocrx_word' id='word_1_83' title='bbox 1475 1171 1741 1237; x_wconf 88' lang='lat' dir='ltr'><strong>homine</strong></span> <span class='ocrx_word' id='word_1_84' title='bbox 1765 1174 1922 1250; x_wconf 87' lang='lat' dir='ltr'><strong>ullo,</strong></span> <span class='ocrx_word' id='word_1_85' title='bbox 1954 1174 2235 1242; x_wconf 76' lang='lat' dir='ltr'><strong>autulio</strong></span> <span class='ocrx_word' id='word_1_86' title='bbox 2262 1175 2713 1251; x_wconf 84' lang='lat' dir='ltr'><strong>instrumento,</strong></span> <span class='ocrx_word' id='word_1_87' title='bbox 2733 1173 2967 1259; x_wconf 88' lang='lat' dir='ltr'><strong>perfici</strong></span> <span class='ocrx_word' id='word_1_88' title='bbox 2993 1176 3425 1258; x_wconf 52' lang='lat' dir='ltr'><strong>poulisseuss&#39;</strong></span> <span class='ocrx_word' id='word_1_89' title='bbox 3521 1256 3537 1264; x_wconf 75' lang='grc'><strong>,</strong></span> 
     </span>
    </p>
   </div>
   <div class='ocr_carea' id='block_1_4' title="bbox 811 1256 3461 4835">
    <p class='ocr_par' dir='ltr' id='par_1_4' title="bbox 811 1256 3461 4835">
     <span class='ocr_line' id='line_1_11' title="bbox 811 1256 3385 1346; baseline 0.001 -28"><span class='ocrx_word' id='word_1_90' title='bbox 811 1274 1021 1321; x_wconf 62' lang='lat' dir='ltr'><strong>,run-ru</strong></span> <span class='ocrx_word' id='word_1_91' title='bbox 1057 1266 1194 1318; x_wconf 67' lang='lat' dir='ltr'><strong>crat.</strong></span> <span class='ocrx_word' id='word_1_92' title='bbox 1226 1262 1282 1318; x_wconf 52' lang='lat' dir='ltr'><strong>ei</strong></span> <span class='ocrx_word' id='word_1_93' title='bbox 1322 1256 1673 1342; x_wconf 69' lang='lat' dir='ltr'><strong>inquirere:</strong></span> <span class='ocrx_word' id='word_1_94' title='bbox 1720 1260 2013 1329; x_wconf 78' lang='lat' dir='ltr'><strong>instituto</strong></span> <span class='ocrx_word' id='word_1_95' title='bbox 2041 1261 2216 1325; x_wconf 92' lang='lat' dir='ltr'><strong>enim</strong></span> <span class='ocrx_word' id='word_1_96' title='bbox 2245 1256 2634 1338; x_wconf 85' lang='lat' dir='ltr'><strong>sufficiebat,</strong></span> <span class='ocrx_word' id='word_1_97' title='bbox 2674 1259 2833 1327; x_wconf 86' lang='lat' dir='ltr'><strong>laeta</strong></span> <span class='ocrx_word' id='word_1_98' title='bbox 2861 1280 3011 1326; x_wconf 88' lang='lat' dir='ltr'><strong>esse</strong></span> <span class='ocrx_word' id='word_1_99' title='bbox 3041 1279 3121 1325; x_wconf 86' lang='lat' dir='ltr'><strong>ac</strong></span> <span class='ocrx_word' id='word_1_100' title='bbox 3141 1262 3385 1346; x_wconf 65' lang='lat' dir='ltr'><strong>jucun,</strong></span> 
     </span>
     <span class='ocr_line' id='line_1_12' title="bbox 844 1338 3461 1428; baseline 0.001 -21"><span class='ocrx_word' id='word_1_101' title='bbox 844 1338 969 1418; x_wconf 56' lang='grc' dir='ltr'><strong>,τί-τη</strong></span> <span class='ocrx_word' id='word_1_102' title='bbox 1017 1350 1210 1422; x_wconf 54' lang='grc' dir='ltr'><strong>11111111Ἶι</strong></span> <span class='ocrx_word' id='word_1_103' title='bbox 1266 1366 1294 1402; x_wconf 76' lang='grc' dir='ltr'><strong>ει</strong></span> <span class='ocrx_word' id='word_1_104' title='bbox 1309 1346 1346 1402; x_wconf 72' lang='grc'><strong>[1</strong></span> <span class='ocrx_word' id='word_1_105' title='bbox 1406 1345 1656 1428; x_wconf 80' lang='lat' dir='ltr'><strong>animos</strong></span> <span class='ocrx_word' id='word_1_106' title='bbox 1697 1344 2096 1413; x_wconf 83' lang='lat' dir='ltr'><strong>audientium</strong></span> <span class='ocrx_word' id='word_1_107' title='bbox 2144 1344 2551 1411; x_wconf 81' lang='lat' dir='ltr'><strong>deliniendos</strong></span> <span class='ocrx_word' id='word_1_108' title='bbox 2603 1364 2685 1411; x_wconf 92' lang='lat' dir='ltr'><strong>ac</strong></span> <span class='ocrx_word' id='word_1_109' title='bbox 2730 1343 3154 1413; x_wconf 83' lang='lat' dir='ltr'><strong>delectandos</strong></span> <span class='ocrx_word' id='word_1_110' title='bbox 3202 1351 3383 1428; x_wconf 86' lang='lat' dir='ltr'><strong>apta.</strong></span> <span class='ocrx_word' id='word_1_111' title='bbox 3455 1375 3461 1383; x_wconf 88' lang='lat'><strong>·</strong></span> 
     </span>
     <span class='ocr_line' id='line_1_13' title="bbox 845 1427 3387 1514; baseline 0.002 -25"><span class='ocrx_word' id='word_1_112' title='bbox 845 1427 921 1489; x_wconf 65' lang='lat'><strong>51</strong></span> <span class='ocrx_word' id='word_1_113' title='bbox 957 1447 1294 1491; x_wconf 59' lang='lat' dir='ltr'><strong>mmmmm</strong></span> <span class='ocrx_word' id='word_1_114' title='bbox 1326 1439 1382 1491; x_wconf 63' lang='grc' dir='ltr'><strong>ετ</strong></span> <span class='ocrx_word' id='word_1_115' title='bbox 1417 1435 1771 1494; x_wconf 87' lang='lat' dir='ltr'><strong>eventuum</strong></span> <span class='ocrx_word' id='word_1_116' title='bbox 1797 1431 2033 1513; x_wconf 80' lang='lat' dir='ltr'><strong>rationi</strong></span> <span class='ocrx_word' id='word_1_117' title='bbox 2062 1437 2130 1494; x_wconf 90' lang='lat' dir='ltr'><strong>et</strong></span> <span class='ocrx_word' id='word_1_118' title='bbox 2158 1431 2600 1512; x_wconf 65' lang='lat' dir='ltr'><strong>congruentiae</strong></span> <span class='ocrx_word' id='word_1_119' title='bbox 2634 1431 2860 1514; x_wconf 87' lang='lat' dir='ltr'><strong>potius</strong></span> <span class='ocrx_word' id='word_1_120' title='bbox 2888 1451 3087 1513; x_wconf 89' lang='lat' dir='ltr'><strong>quam</strong></span> <span class='ocrx_word' id='word_1_121' title='bbox 3117 1430 3387 1496; x_wconf 89' lang='lat' dir='ltr'><strong>audien-</strong></span> 
     </span>
     <span class='ocr_line' id='line_1_14' title="bbox 840 1511 3387 1601; baseline 0.004 -30"><span class='ocrx_word' id='word_1_122' title='bbox 840 1515 893 1582; x_wconf 72' lang='lat'><strong>11·</strong></span> <span class='ocrx_word' id='word_1_123' title='bbox 901 1535 1005 1575; x_wconf 79' lang='lat' dir='ltr'><strong>um</strong></span> <span class='ocrx_word' id='word_1_124' title='bbox 1041 1511 1456 1579; x_wconf 47' lang='lat' dir='ltr'><strong>dela-fffflinni</strong></span> <span class='ocrx_word' id='word_1_125' title='bbox 1486 1514 1868 1594; x_wconf 81' lang='lat' dir='ltr'><strong>studuisset,</strong></span> <span class='ocrx_word' id='word_1_126' title='bbox 1889 1535 2113 1601; x_wconf 67' lang='lat' dir='ltr'><strong>,quam</strong></span> <span class='ocrx_word' id='word_1_127' title='bbox 2140 1515 2521 1598; x_wconf 77' lang='lat' dir='ltr'><strong>longissime</strong></span> <span class='ocrx_word' id='word_1_128' title='bbox 2550 1514 2637 1579; x_wconf 86' lang='lat' dir='ltr'><strong>ab</strong></span> <span class='ocrx_word' id='word_1_129' title='bbox 2667 1515 2963 1597; x_wconf 70' lang='lat' dir='ltr'><strong>instituto</strong></span> <span class='ocrx_word' id='word_1_130' title='bbox 2993 1517 3387 1594; x_wconf 76' lang='lat' dir='ltr'><strong>aberrasset,</strong></span> 
     </span>
     <span class='ocr_line' id='line_1_15' title="bbox 846 1596 3409 1696; baseline 0.004 -37"><span class='ocrx_word' id='word_1_131' title='bbox 846 1619 977 1696; x_wconf 62' lang='lat' dir='ltr'><strong>qun</strong></span> <span class='ocrx_word' id='word_1_132' title='bbox 989 1619 1049 1659; x_wconf 79' lang='grc'><strong>111</strong></span> <span class='ocrx_word' id='word_1_133' title='bbox 1101 1599 1354 1690; x_wconf 19' lang='lat' dir='ltr'><strong>dur-um*</strong></span> <span class='ocrx_word' id='word_1_134' title='bbox 1386 1601 1735 1689; x_wconf 49' lang='lat' dir='ltr'><strong>exercitum,</strong></span> <span class='ocrx_word' id='word_1_135' title='bbox 1786 1596 2170 1668; x_wconf 79' lang='lat' dir='ltr'><strong>ardescente</strong></span> <span class='ocrx_word' id='word_1_136' title='bbox 2217 1620 2465 1685; x_wconf 82' lang='lat' dir='ltr'><strong>pugna,</strong></span> <span class='ocrx_word' id='word_1_137' title='bbox 2517 1603 2913 1669; x_wconf 81' lang='lat' dir='ltr'><strong>abstraxerit</strong></span> <span class='ocrx_word' id='word_1_138' title='bbox 2952 1607 3017 1665; x_wconf 91' lang='lat' dir='ltr'><strong>et</strong></span> <span class='ocrx_word' id='word_1_139' title='bbox 3051 1602 3134 1671; x_wconf 86' lang='lat' dir='ltr'><strong>in.</strong></span> <span class='ocrx_word' id='word_1_140' title='bbox 3162 1601 3409 1670; x_wconf 88' lang='lat' dir='ltr'><strong>urbem.</strong></span> 
     </span>
     <span class='ocr_line' id='line_1_16' title="bbox 843 1682 3388 1770; baseline 0.003 -28"><span class='ocrx_word' id='word_1_141' title='bbox 843 1682 1116 1760; x_wconf 82' lang='lat' dir='ltr'><strong>miserit,</strong></span> <span class='ocrx_word' id='word_1_142' title='bbox 1144 1683 1328 1748; x_wconf 88' lang='lat' dir='ltr'><strong>nullo</strong></span> <span class='ocrx_word' id='word_1_143' title='bbox 1354 1692 1633 1770; x_wconf 79' lang='lat' dir='ltr'><strong>urgente</strong></span> <span class='ocrx_word' id='word_1_144' title='bbox 1652 1689 1945 1768; x_wconf 78' lang='lat' dir='ltr'><strong>negotiO,</strong></span> <span class='ocrx_word' id='word_1_145' title='bbox 1991 1688 2120 1751; x_wconf 89' lang='lat' dir='ltr'><strong>nisi</strong></span> <span class='ocrx_word' id='word_1_146' title='bbox 2141 1691 2214 1751; x_wconf 92' lang='lat' dir='ltr'><strong>ut</strong></span> <span class='ocrx_word' id='word_1_147' title='bbox 2239 1686 2505 1768; x_wconf 85' lang='lat' dir='ltr'><strong>auguris</strong></span> <span class='ocrx_word' id='word_1_148' title='bbox 2532 1687 2884 1767; x_wconf 57' lang='lat' dir='ltr'><strong>mandata,</strong></span> <span class='ocrx_word' id='word_1_149' title='bbox 2922 1688 3217 1769; x_wconf 85' lang='lat' dir='ltr'><strong>praeconi</strong></span> <span class='ocrx_word' id='word_1_150' title='bbox 3249 1687 3388 1751; x_wconf 88' lang='lat' dir='ltr'><strong>cui-</strong></span> 
     </span>
     <span class='ocr_line' id='line_1_17' title="bbox 839 1762 3391 1862; baseline 0.001 -30"><span class='ocrx_word' id='word_1_151' title='bbox 839 1765 1005 1862; x_wconf 75' lang='lat' dir='ltr'><strong>libet</strong></span> <span class='ocrx_word' id='word_1_152' title='bbox 1052 1768 1386 1862; x_wconf 82' lang='lat' dir='ltr'><strong>tradenda,</strong></span> <span class='ocrx_word' id='word_1_153' title='bbox 1435 1776 1503 1834; x_wconf 87' lang='lat' dir='ltr'><strong>et</strong></span> <span class='ocrx_word' id='word_1_154' title='bbox 1551 1771 1804 1854; x_wconf 81' lang='lat' dir='ltr'><strong>alioqui</strong></span> <span class='ocrx_word' id='word_1_155' title='bbox 1851 1774 1995 1836; x_wconf 87' lang='lat' dir='ltr'><strong>sine</strong></span> <span class='ocrx_word' id='word_1_156' title='bbox 2045 1771 2281 1837; x_wconf 84' lang='lat' dir='ltr'><strong>effectu</strong></span> <span class='ocrx_word' id='word_1_157' title='bbox 2316 1790 2597 1836; x_wconf 82' lang='lat' dir='ltr'><strong>evasura</strong></span> <span class='ocrx_word' id='word_1_158' title='bbox 2641 1773 2834 1850; x_wconf 79' lang='lat' dir='ltr'><strong>matri</strong></span> <span class='ocrx_word' id='word_1_159' title='bbox 2877 1771 3209 1855; x_wconf 83' lang='lat' dir='ltr'><strong>perferret.</strong></span> <span class='ocrx_word' id='word_1_160' title='bbox 3294 1762 3391 1835; x_wconf 88' lang='lat' dir='ltr'><strong>At</strong></span> 
     </span>
     <span class='ocr_line' id='line_1_18' title="bbox 844 1853 3390 1944; baseline 0.002 -29"><span class='ocrx_word' id='word_1_161' title='bbox 844 1870 1048 1917; x_wconf 87' lang='lat' dir='ltr'><strong>scena</strong></span> <span class='ocrx_word' id='word_1_162' title='bbox 1063 1854 1216 1944; x_wconf 83' lang='lat' dir='ltr'><strong>jam</strong></span> <span class='ocrx_word' id='word_1_163' title='bbox 1242 1856 1559 1923; x_wconf 85' lang='lat' dir='ltr'><strong>mutanda</strong></span> <span class='ocrx_word' id='word_1_164' title='bbox 1584 1863 1759 1937; x_wconf 79' lang='lat' dir='ltr'><strong>erat3</strong></span> <span class='ocrx_word' id='word_1_165' title='bbox 1804 1862 1890 1934; x_wconf 90' lang='lat' dir='ltr'><strong>et,</strong></span> <span class='ocrx_word' id='word_1_166' title='bbox 1936 1864 2096 1940; x_wconf 89' lang='lat' dir='ltr'><strong>post</strong></span> <span class='ocrx_word' id='word_1_167' title='bbox 2122 1863 2223 1922; x_wconf 88' lang='lat' dir='ltr'><strong>tot</strong></span> <span class='ocrx_word' id='word_1_168' title='bbox 2247 1858 2536 1923; x_wconf 83' lang='lat' dir='ltr'><strong>virorum</strong></span> <span class='ocrx_word' id='word_1_169' title='bbox 2561 1861 2836 1939; x_wconf 81' lang='lat' dir='ltr'><strong>strages,</strong></span> <span class='ocrx_word' id='word_1_170' title='bbox 2876 1864 3013 1936; x_wconf 83' lang='lat' dir='ltr'><strong>tam</strong></span> <span class='ocrx_word' id='word_1_171' title='bbox 3038 1853 3390 1939; x_wconf 78' lang='lat' dir='ltr'><strong>multiplici</strong></span> 
     </span>
     <span class='ocr_line' id='line_1_19' title="bbox 843 1937 3390 2024; baseline 0.004 -25"><span class='ocrx_word' id='word_1_172' title='bbox 843 1937 1162 2003; x_wconf 76' lang='lat' dir='ltr'><strong>varietate</strong></span> <span class='ocrx_word' id='word_1_173' title='bbox 1207 1946 1640 2019; x_wconf 83' lang='lat' dir='ltr'><strong>enumeratas,</strong></span> <span class='ocrx_word' id='word_1_174' title='bbox 1671 1942 1959 2023; x_wconf 51' lang='lat' dir='ltr'><strong>,fastidio</strong></span> <span class='ocrx_word' id='word_1_175' title='bbox 1988 1948 2056 2007; x_wconf 90' lang='lat' dir='ltr'><strong>et</strong></span> <span class='ocrx_word' id='word_1_176' title='bbox 2082 1942 2374 2008; x_wconf 73' lang='lat' dir='ltr'><strong>satietati</strong></span> <span class='ocrx_word' id='word_1_177' title='bbox 2423 1940 2924 2024; x_wconf 80' lang='lat' dir='ltr'><strong>occurrendum,</strong></span> <span class='ocrx_word' id='word_1_178' title='bbox 2973 1941 3240 2019; x_wconf 81' lang='lat' dir='ltr'><strong>diversa</strong></span> <span class='ocrx_word' id='word_1_179' title='bbox 3267 1938 3390 2009; x_wconf 73' lang='lat' dir='ltr'><strong>ali·-</strong></span> 
     </span>
     <span class='ocr_line' id='line_1_20' title="bbox 848 2026 3391 2109; baseline 0.003 -24"><span class='ocrx_word' id='word_1_180' title='bbox 848 2042 985 2105; x_wconf 90' lang='lat' dir='ltr'><strong>qua</strong></span> <span class='ocrx_word' id='word_1_181' title='bbox 1008 2043 1219 2088; x_wconf 88' lang='lat' dir='ltr'><strong>rerum</strong></span> <span class='ocrx_word' id='word_1_182' title='bbox 1249 2026 1478 2108; x_wconf 89' lang='lat' dir='ltr'><strong>specie</strong></span> <span class='ocrx_word' id='word_1_183' title='bbox 1508 2027 1801 2104; x_wconf 88' lang='lat' dir='ltr'><strong>obtenta,</strong></span> <span class='ocrx_word' id='word_1_184' title='bbox 1854 2047 1990 2109; x_wconf 90' lang='lat' dir='ltr'><strong>qua</strong></span> <span class='ocrx_word' id='word_1_185' title='bbox 2017 2026 2133 2090; x_wconf 92' lang='lat' dir='ltr'><strong>alii</strong></span> <span class='ocrx_word' id='word_1_186' title='bbox 2184 2028 2552 2106; x_wconf 80' lang='lat' dir='ltr'><strong>animorum</strong></span> <span class='ocrx_word' id='word_1_187' title='bbox 2582 2026 2856 2092; x_wconf 81' lang='lat' dir='ltr'><strong>affectus</strong></span> <span class='ocrx_word' id='word_1_188' title='bbox 2901 2045 3391 2093; x_wconf 87' lang='lat' dir='ltr'><strong>commoveren-</strong></span> 
     </span>
     <span class='ocr_line' id='line_1_21' title="bbox 842 2107 3421 2208; baseline 0.001 -38"><span class='ocrx_word' id='word_1_189' title='bbox 842 2108 976 2172; x_wconf 79' lang='lat' dir='ltr'><strong>tur:</strong></span> <span class='ocrx_word' id='word_1_190' title='bbox 1022 2127 1237 2208; x_wconf 75' lang='lat' dir='ltr'><strong>neque</strong></span> <span class='ocrx_word' id='word_1_191' title='bbox 1265 2112 1700 2194; x_wconf 85' lang='lat' dir='ltr'><strong>opportunius</strong></span> <span class='ocrx_word' id='word_1_192' title='bbox 1726 2111 2093 2193; x_wconf 82' lang='lat' dir='ltr'><strong>quidquam</strong></span> <span class='ocrx_word' id='word_1_193' title='bbox 2120 2131 2245 2175; x_wconf 91' lang='lat' dir='ltr'><strong>nec</strong></span> <span class='ocrx_word' id='word_1_194' title='bbox 2277 2107 2607 2174; x_wconf 88' lang='lat' dir='ltr'><strong>efficacius</strong></span> <span class='ocrx_word' id='word_1_195' title='bbox 2635 2112 2861 2174; x_wconf 90' lang='lat' dir='ltr'><strong>induci</strong></span> <span class='ocrx_word' id='word_1_196' title='bbox 2889 2115 3170 2193; x_wconf 86' lang='lat' dir='ltr'><strong>poterat,</strong></span> <span class='ocrx_word' id='word_1_197' title='bbox 3188 2130 3421 2191; x_wconf 85' lang='lat' dir='ltr'><strong>quam.</strong></span> 
     </span>
     <span class='ocr_line' id='line_1_22' title="bbox 845 2188 3392 2284; baseline 0.002 -30"><span class='ocrx_word' id='word_1_198' title='bbox 845 2188 1170 2256; x_wconf 86' lang='lat' dir='ltr'><strong>Hectons</strong></span> <span class='ocrx_word' id='word_1_199' title='bbox 1211 2214 1363 2258; x_wconf 90' lang='lat' dir='ltr'><strong>cum</strong></span> <span class='ocrx_word' id='word_1_200' title='bbox 1402 2196 1677 2284; x_wconf 74' lang='lat' dir='ltr'><strong>conjuge</strong></span> <span class='ocrx_word' id='word_1_201' title='bbox 1716 2194 2166 2277; x_wconf 82' lang='lat' dir='ltr'><strong>colloquium3</strong></span> <span class='ocrx_word' id='word_1_202' title='bbox 2212 2192 2391 2277; x_wconf 81' lang='lat' dir='ltr'><strong>quod</strong></span> <span class='ocrx_word' id='word_1_203' title='bbox 2440 2193 2595 2256; x_wconf 93' lang='lat' dir='ltr'><strong>ideo</strong></span> <span class='ocrx_word' id='word_1_204' title='bbox 2635 2196 2897 2259; x_wconf 86' lang='lat' dir='ltr'><strong>omnino</strong></span> <span class='ocrx_word' id='word_1_205' title='bbox 2928 2192 3392 2278; x_wconf 80' lang='lat' dir='ltr'><strong>proferendum</strong></span> 
     </span>
     <span class='ocr_line' id='line_1_23' title="bbox 846 2278 3394 2376; baseline 0.003 -38"><span class='ocrx_word' id='word_1_206' title='bbox 846 2281 1007 2359; x_wconf 77' lang='lat' dir='ltr'><strong>erat,</strong></span> <span class='ocrx_word' id='word_1_207' title='bbox 1054 2282 1122 2342; x_wconf 89' lang='lat' dir='ltr'><strong>et</strong></span> <span class='ocrx_word' id='word_1_208' title='bbox 1168 2279 1336 2376; x_wconf 70' lang='lat' dir='ltr'><strong>serie</strong></span> <span class='ocrx_word' id='word_1_209' title='bbox 1375 2279 1770 2344; x_wconf 88' lang='lat' dir='ltr'><strong>narrationis</strong></span> <span class='ocrx_word' id='word_1_210' title='bbox 1818 2299 2213 2363; x_wconf 82' lang='lat' dir='ltr'><strong>quocunque</strong></span> <span class='ocrx_word' id='word_1_211' title='bbox 2255 2279 2457 2360; x_wconf 89' lang='lat' dir='ltr'><strong>modo</strong></span> <span class='ocrx_word' id='word_1_212' title='bbox 2504 2278 2967 2361; x_wconf 78' lang='lat' dir='ltr'><strong>intexendum;</strong></span> <span class='ocrx_word' id='word_1_213' title='bbox 3010 2298 3223 2361; x_wconf 89' lang='lat' dir='ltr'><strong>neque</strong></span> <span class='ocrx_word' id='word_1_214' title='bbox 3254 2297 3394 2362; x_wconf 83' lang='lat' dir='ltr'><strong>qua</strong></span> 
     </span>
     <span class='ocr_line' id='line_1_24' title="bbox 843 2355 3402 2448; baseline 0.002 -26"><span class='ocrx_word' id='word_1_215' title='bbox 843 2357 1413 2429; x_wconf 61' lang='lat' dir='ltr'><strong>verisimilitudine</strong></span> <span class='ocrx_word' id='word_1_216' title='bbox 1431 2360 1501 2427; x_wconf 91' lang='lat' dir='ltr'><strong>id</strong></span> <span class='ocrx_word' id='word_1_217' title='bbox 1526 2363 1707 2431; x_wconf 88' lang='lat' dir='ltr'><strong>fieret</strong></span> <span class='ocrx_word' id='word_1_218' title='bbox 1732 2383 2134 2448; x_wconf 81' lang='lat' dir='ltr'><strong>magnopere</strong></span> <span class='ocrx_word' id='word_1_219' title='bbox 2162 2364 2292 2438; x_wconf 80' lang='lat' dir='ltr'><strong>fuit</strong></span> <span class='ocrx_word' id='word_1_220' title='bbox 2317 2365 2379 2427; x_wconf 91' lang='lat' dir='ltr'><strong>ei</strong></span> <span class='ocrx_word' id='word_1_221' title='bbox 2406 2355 2793 2443; x_wconf 59' lang='lat' dir='ltr'><strong>curandum3</strong></span> <span class='ocrx_word' id='word_1_222' title='bbox 2823 2383 3026 2447; x_wconf 91' lang='lat' dir='ltr'><strong>quum</strong></span> <span class='ocrx_word' id='word_1_223' title='bbox 3056 2362 3402 2428; x_wconf 80' lang='lat' dir='ltr'><strong>auditores</strong></span> 
     </span>
     <span class='ocr_line' id='line_1_25' title="bbox 842 2443 3393 2533; baseline 0.002 -25"><span class='ocrx_word' id='word_1_224' title='bbox 842 2443 1141 2511; x_wconf 87' lang='lat' dir='ltr'><strong>homines</strong></span> <span class='ocrx_word' id='word_1_225' title='bbox 1183 2444 1377 2513; x_wconf 81' lang='lat' dir='ltr'><strong>rudes</strong></span> <span class='ocrx_word' id='word_1_226' title='bbox 1406 2455 1472 2512; x_wconf 91' lang='lat' dir='ltr'><strong>et</strong></span> <span class='ocrx_word' id='word_1_227' title='bbox 1500 2449 1867 2533; x_wconf 78' lang='lat' dir='ltr'><strong>simplices,</strong></span> <span class='ocrx_word' id='word_1_228' title='bbox 1912 2450 2271 2532; x_wconf 82' lang='lat' dir='ltr'><strong>imaginum</strong></span> <span class='ocrx_word' id='word_1_229' title='bbox 2310 2447 2638 2512; x_wconf 90' lang='lat' dir='ltr'><strong>illecebris</strong></span> <span class='ocrx_word' id='word_1_230' title='bbox 2683 2447 2988 2513; x_wconf 88' lang='lat' dir='ltr'><strong>delinitos</strong></span> <span class='ocrx_word' id='word_1_231' title='bbox 3013 2453 3080 2512; x_wconf 91' lang='lat' dir='ltr'><strong>et</strong></span> <span class='ocrx_word' id='word_1_232' title='bbox 3106 2448 3393 2519; x_wconf 81' lang='lat' dir='ltr'><strong>delecta-</strong></span> 
     </span>
     <span class='ocr_line' id='line_1_26' title="bbox 842 2529 3393 2617; baseline 0.002 -22"><span class='ocrx_word' id='word_1_233' title='bbox 842 2534 971 2611; x_wconf 73' lang='lat' dir='ltr'><strong>tos,</strong></span> <span class='ocrx_word' id='word_1_234' title='bbox 1004 2533 1273 2616; x_wconf 83' lang='lat' dir='ltr'><strong>judices</strong></span> <span class='ocrx_word' id='word_1_235' title='bbox 1313 2553 1549 2617; x_wconf 83' lang='lat' dir='ltr'><strong>pamm</strong></span> <span class='ocrx_word' id='word_1_236' title='bbox 1595 2553 1860 2599; x_wconf 86' lang='lat' dir='ltr'><strong>severos</strong></span> <span class='ocrx_word' id='word_1_237' title='bbox 1904 2533 1974 2599; x_wconf 88' lang='lat' dir='ltr'><strong>in</strong></span> <span class='ocrx_word' id='word_1_238' title='bbox 2003 2535 2223 2599; x_wconf 87' lang='lat' dir='ltr'><strong>causis</strong></span> <span class='ocrx_word' id='word_1_239' title='bbox 2273 2529 2725 2617; x_wconf 82' lang='lat' dir='ltr'><strong>expendendis</strong></span> <span class='ocrx_word' id='word_1_240' title='bbox 2756 2539 2825 2599; x_wconf 89' lang='lat' dir='ltr'><strong>et</strong></span> <span class='ocrx_word' id='word_1_241' title='bbox 2851 2533 3211 2598; x_wconf 85' lang='lat' dir='ltr'><strong>rationibus</strong></span> <span class='ocrx_word' id='word_1_242' title='bbox 3248 2533 3393 2601; x_wconf 79' lang='lat' dir='ltr'><strong>exi-</strong></span> 
     </span>
     <span class='ocr_line' id='line_1_27' title="bbox 840 2615 3360 2718; baseline 0 -40"><span class='ocrx_word' id='word_1_243' title='bbox 840 2615 1092 2698; x_wconf 86' lang='lat' dir='ltr'><strong>gendis,</strong></span> <span class='ocrx_word' id='word_1_244' title='bbox 1136 2624 1526 2718; x_wconf 84' lang='lat' dir='ltr'><strong>experturus</strong></span> <span class='ocrx_word' id='word_1_245' title='bbox 1552 2624 1751 2684; x_wconf 90' lang='lat' dir='ltr'><strong>esset.</strong></span> <span class='ocrx_word' id='word_1_246' title='bbox 3350 2620 3360 2639; x_wconf 89' lang='lat'>¹</span> 
     </span>
     <span class='ocr_line' id='line_1_28' title="bbox 842 2700 3394 2788; baseline 0 -22"><span class='ocrx_word' id='word_1_247' title='bbox 842 2775 862 2782; x_wconf 37' lang='lat'><em>⁶</em></span> <span class='ocrx_word' id='word_1_248' title='bbox 932 2718 1123 2768; x_wconf 85' lang='lat' dir='ltr'><strong>xvn.</strong></span> <span class='ocrx_word' id='word_1_249' title='bbox 1167 2702 1830 2788; x_wconf 75' lang='lat' dir='ltr'><strong>,Disputationis&#39;suae</strong></span> <span class='ocrx_word' id='word_1_250' title='bbox 1862 2702 2354 2769; x_wconf 89' lang='lat' dir='ltr'><strong>conclusionem</strong></span> <span class='ocrx_word' id='word_1_251' title='bbox 2380 2704 2525 2787; x_wconf 89' lang='lat' dir='ltr'><strong>ipse</strong></span> <span class='ocrx_word' id='word_1_252' title='bbox 2554 2704 2657 2768; x_wconf 84' lang='lat' dir='ltr'><strong>vir</strong></span> <span class='ocrx_word' id='word_1_253' title='bbox 2685 2702 3112 2770; x_wconf 88' lang='lat' dir='ltr'><strong>doctissimus</strong></span> <span class='ocrx_word' id='word_1_254' title='bbox 3164 2700 3394 2766; x_wconf 89' lang='lat' dir='ltr'><strong>timere</strong></span> 
     </span>
     <span class='ocr_line' id='line_1_29' title="bbox 845 2785 3395 2874; baseline -0 -24"><span class='ocrx_word' id='word_1_255' title='bbox 845 2786 1143 2853; x_wconf 78' lang='lat' dir='ltr'><strong>videtur:</strong></span> <span class='ocrx_word' id='word_1_256' title='bbox 1190 2794 1375 2853; x_wconf 85' lang='lat' dir='ltr'><strong>tanta</strong></span> <span class='ocrx_word' id='word_1_257' title='bbox 1416 2786 1589 2855; x_wconf 87' lang='lat' dir='ltr'><strong>enim</strong></span> <span class='ocrx_word' id='word_1_258' title='bbox 1630 2789 2041 2874; x_wconf 82' lang='lat' dir='ltr'><strong>experientia</strong></span> <span class='ocrx_word' id='word_1_259' title='bbox 2070 2793 2136 2852; x_wconf 89' lang='lat' dir='ltr'><strong>et</strong></span> <span class='ocrx_word' id='word_1_260' title='bbox 2161 2809 2287 2852; x_wconf 91' lang='lat' dir='ltr'><strong>usu</strong></span> <span class='ocrx_word' id='word_1_261' title='bbox 2313 2789 2559 2871; x_wconf 77' lang='lat' dir='ltr'><strong>linguae</strong></span> <span class='ocrx_word' id='word_1_262' title='bbox 2607 2787 2873 2853; x_wconf 83' lang='lat' dir='ltr'><strong>Graecae</strong></span> <span class='ocrx_word' id='word_1_263' title='bbox 2921 2785 3221 2863; x_wconf 78' lang='lat' dir='ltr'><strong>edoctuS,</strong></span> <span class='ocrx_word' id='word_1_264' title='bbox 3273 2787 3395 2849; x_wconf 80' lang='lat' dir='ltr'><strong>vix</strong></span> 
     </span>
     <span class='ocr_line' id='line_1_30' title="bbox 842 2862 3396 2964; baseline 0.001 -30"><span class='ocrx_word' id='word_1_265' title='bbox 842 2868 972 2938; x_wconf 91' lang='lat' dir='ltr'><strong>hoc</strong></span> <span class='ocrx_word' id='word_1_266' title='bbox 1029 2873 1403 2964; x_wconf 82' lang='lat' dir='ltr'><strong>episodium</strong></span> <span class='ocrx_word' id='word_1_267' title='bbox 1452 2895 1575 2958; x_wconf 91' lang='lat' dir='ltr'><strong>pro</strong></span> <span class='ocrx_word' id='word_1_268' title='bbox 1621 2873 1950 2959; x_wconf 86' lang='lat' dir='ltr'><strong>opusculo</strong></span> <span class='ocrx_word' id='word_1_269' title='bbox 2000 2867 2266 2958; x_wconf 83' lang='lat' dir='ltr'><strong>septimi</strong></span> <span class='ocrx_word' id='word_1_270' title='bbox 2313 2881 2471 2952; x_wconf 81' lang='lat' dir='ltr'><strong>ante¹</strong></span> <span class='ocrx_word' id='word_1_271' title='bbox 2523 2872 2857 2938; x_wconf 89' lang='lat' dir='ltr'><strong>Christum</strong></span> <span class='ocrx_word' id='word_1_272' title='bbox 2908 2877 3136 2934; x_wconf 88' lang='lat' dir='ltr'><strong>natum</strong></span> <span class='ocrx_word' id='word_1_273' title='bbox 3165 2862 3396 2937; x_wconf 80' lang='lat' dir='ltr'><strong>‘seculi</strong></span> 
     </span>
     <span class='ocr_line' id='line_1_31' title="bbox 845 2954 3395 3044; baseline -0.001 -22"><span class='ocrx_word' id='word_1_274' title='bbox 845 2954 1091 3025; x_wconf 89' lang='lat' dir='ltr'><strong>habere</strong></span> <span class='ocrx_word' id='word_1_275' title='bbox 1139 2960 1380 3044; x_wconf 89' lang='lat' dir='ltr'><strong>potuit,</strong></span> <span class='ocrx_word' id='word_1_276' title='bbox 1426 2980 1625 3043; x_wconf 90' lang='lat' dir='ltr'><strong>quum</strong></span> <span class='ocrx_word' id='word_1_277' title='bbox 1674 2961 1849 3025; x_wconf 86' lang='lat' dir='ltr'><strong>serio</strong></span> <span class='ocrx_word' id='word_1_278' title='bbox 1888 2965 1957 3024; x_wconf 89' lang='lat' dir='ltr'><strong>et</strong></span> <span class='ocrx_word' id='word_1_279' title='bbox 1983 2980 2074 3024; x_wconf 84' lang='lat' dir='ltr'><strong>ex</strong></span> <span class='ocrx_word' id='word_1_280' title='bbox 2101 2979 2300 3025; x_wconf 88' lang='lat' dir='ltr'><strong>sensu</strong></span> <span class='ocrx_word' id='word_1_281' title='bbox 2349 2959 2553 3025; x_wconf 87' lang='lat' dir='ltr'><strong>animi</strong></span> <span class='ocrx_word' id='word_1_282' title='bbox 2581 2960 2707 3036; x_wconf 89' lang='lat' dir='ltr'><strong>sui,</strong></span> <span class='ocrx_word' id='word_1_283' title='bbox 2751 2976 2879 3021; x_wconf 89' lang='lat' dir='ltr'><strong>non</strong></span> <span class='ocrx_word' id='word_1_284' title='bbox 2907 2975 2944 3018; x_wconf 91' lang='lat' dir='ltr'><strong>e</strong></span> <span class='ocrx_word' id='word_1_285' title='bbox 2967 2956 3395 3039; x_wconf 72' lang='lat' dir='ltr'><strong>praesumptis</strong></span> 
     </span>
     <span class='ocr_line' id='line_1_32' title="bbox 843 3044 3395 3130; baseline -0.002 -21"><span class='ocrx_word' id='word_1_286' title='bbox 843 3046 1293 3129; x_wconf 76' lang='lat' dir='ltr'><strong>opinionibus,</strong></span> <span class='ocrx_word' id='word_1_287' title='bbox 1330 3046 1665 3130; x_wconf 84' lang='lat' dir='ltr'><strong>judicium</strong></span> <span class='ocrx_word' id='word_1_288' title='bbox 1714 3045 2069 3127; x_wconf 83' lang='lat' dir='ltr'><strong>proferret:</strong></span> <span class='ocrx_word' id='word_1_289' title='bbox 2115 3046 2326 3108; x_wconf 89' lang='lat' dir='ltr'><strong>seculi</strong></span> <span class='ocrx_word' id='word_1_290' title='bbox 2356 3046 2532 3107; x_wconf 88' lang='lat' dir='ltr'><strong>enim</strong></span> <span class='ocrx_word' id='word_1_291' title='bbox 2563 3044 2755 3108; x_wconf 88' lang='lat' dir='ltr'><strong>istius</strong></span> <span class='ocrx_word' id='word_1_292' title='bbox 2790 3047 3103 3125; x_wconf 76' lang='lat' dir='ltr'><strong>poemata</strong></span> <span class='ocrx_word' id='word_1_293' title='bbox 3129 3045 3395 3125; x_wconf 73' lang='lat' dir='ltr'><strong>extant3</strong></span> 
     </span>
     <span class='ocr_line' id='line_1_33' title="bbox 841 3124 3398 3279; baseline -0.002 0"><span class='ocrx_word' id='word_1_294' title='bbox 841 3128 1586 3279; x_wconf 39' lang='grc'>1161111111</span> <span class='ocrx_word' id='word_1_295' title='bbox 1616 3128 2477 3277; x_wconf 40' lang='lat' dir='ltr'><strong>assemsum?</strong></span> <span class='ocrx_word' id='word_1_296' title='bbox 2502 3125 3050 3276; x_wconf 45' lang='lat' dir='ltr'><strong>&#39;wewam</strong></span> <span class='ocrx_word' id='word_1_297' title='bbox 3081 3124 3398 3275; x_wconf 52' lang='lat' dir='ltr'><strong>fimes</strong></span> 
     </span>
     <span class='ocr_line' id='line_1_34' title="bbox 848 3230 3326 3289; baseline -0.001 -11"><span class='ocrx_word' id='word_1_298' title='bbox 848 3236 1078 3281; x_wconf 89' lang='lat' dir='ltr'><strong>corum</strong></span> <span class='ocrx_word' id='word_1_299' title='bbox 1547 3262 1564 3289; x_wconf 90' lang='lat'><strong>,</strong></span> <span class='ocrx_word' id='word_1_300' title='bbox 1629 3234 1672 3275; x_wconf 96' lang='lat' dir='ltr'><strong>u</strong></span> <span class='ocrx_word' id='word_1_301' title='bbox 1895 3234 1927 3277; x_wconf 91' lang='lat' dir='ltr'><strong>r</strong></span> <span class='ocrx_word' id='word_1_302' title='bbox 2033 3233 2141 3276; x_wconf 92' lang='lat' dir='ltr'><strong>om</strong></span> <span class='ocrx_word' id='word_1_303' title='bbox 2179 3233 2322 3278; x_wconf 80' lang='lat' dir='ltr'><strong>rica</strong></span> <span class='ocrx_word' id='word_1_304' title='bbox 2350 3233 2392 3276; x_wconf 87' lang='lat' dir='ltr'><strong>a</strong></span> <span class='ocrx_word' id='word_1_305' title='bbox 2467 3232 2555 3275; x_wconf 88' lang='lat' dir='ltr'><strong>an</strong></span> <span class='ocrx_word' id='word_1_306' title='bbox 2696 3232 2754 3274; x_wconf 80' lang='lat' dir='ltr'><strong>is</strong></span> <span class='ocrx_word' id='word_1_307' title='bbox 3071 3230 3326 3277; x_wconf 72' lang='lat' dir='ltr'><strong>recensi</strong></span> 
     </span>
     <span class='ocr_line' id='line_1_35' title="bbox 848 3231 3398 3381; baseline -0.002 -17"><span class='ocrx_word' id='word_1_308' title='bbox 848 3307 975 3366; x_wconf 89' lang='lat' dir='ltr'><strong>est.</strong></span> <span class='ocrx_word' id='word_1_309' title='bbox 1064 3300 1147 3364; x_wconf 89' lang='lat' dir='ltr'><strong>In</strong></span> <span class='ocrx_word' id='word_1_310' title='bbox 1175 3319 1257 3364; x_wconf 92' lang='lat' dir='ltr'><strong>eo</strong></span> <span class='ocrx_word' id='word_1_311' title='bbox 1288 3305 1528 3376; x_wconf 89' lang='lat' dir='ltr'><strong>autem,</strong></span> <span class='ocrx_word' id='word_1_312' title='bbox 1576 3233 1867 3381; x_wconf 48' lang='lat' dir='ltr'><strong>{alioquin</strong></span> <span class='ocrx_word' id='word_1_313' title='bbox 1894 3295 2073 3361; x_wconf 89' lang='lat' dir='ltr'><strong>haud</strong></span> <span class='ocrx_word' id='word_1_314' title='bbox 2098 3295 2387 3377; x_wconf 88' lang='lat' dir='ltr'><strong>inficeto,</strong></span> <span class='ocrx_word' id='word_1_315' title='bbox 2430 3233 2785 3380; x_wconf 52' lang='lat' dir='ltr'><strong>poem‘htio,</strong></span> <span class='ocrx_word' id='word_1_316' title='bbox 2819 3231 3046 3379; x_wconf 41' lang='grc' dir='ltr'><strong>ηυξ-ξι.</strong></span> <span class='ocrx_word' id='word_1_317' title='bbox 3046 3294 3312 3359; x_wconf 86' lang='lat' dir='ltr'><strong>diversa</strong></span> <span class='ocrx_word' id='word_1_318' title='bbox 3330 3300 3398 3359; x_wconf 88' lang='lat' dir='ltr'><strong>et</strong></span> 
     </span>
     <span class='ocr_line' id='line_1_36' title="bbox 848 3379 3397 3469; baseline -0.002 -19"><span class='ocrx_word' id='word_1_319' title='bbox 848 3388 937 3450; x_wconf 91' lang='lat' dir='ltr'><strong>ab</strong></span> <span class='ocrx_word' id='word_1_320' title='bbox 963 3387 1096 3452; x_wconf 93' lang='lat' dir='ltr'><strong>hoc</strong></span> <span class='ocrx_word' id='word_1_321' title='bbox 1123 3384 1433 3469; x_wconf 83' lang='lat' dir='ltr'><strong>episodio</strong></span> <span class='ocrx_word' id='word_1_322' title='bbox 1463 3384 1682 3450; x_wconf 85' lang='lat' dir='ltr'><strong>aliena</strong></span> <span class='ocrx_word' id='word_1_323' title='bbox 1707 3389 1860 3448; x_wconf 91' lang='lat' dir='ltr'><strong>sunt</strong></span> <span class='ocrx_word' id='word_1_324' title='bbox 1886 3382 2146 3448; x_wconf 88' lang='lat' dir='ltr'><strong>omnia!</strong></span> <span class='ocrx_word' id='word_1_325' title='bbox 2193 3382 2311 3447; x_wconf 87' lang='lat' dir='ltr'><strong>alii</strong></span> <span class='ocrx_word' id='word_1_326' title='bbox 2335 3400 2577 3458; x_wconf 74' lang='lat' dir='ltr'><strong>moreS,</strong></span> <span class='ocrx_word' id='word_1_327' title='bbox 2610 3381 2747 3445; x_wconf 88' lang='lat' dir='ltr'><strong>alia</strong></span> <span class='ocrx_word' id='word_1_328' title='bbox 2773 3382 3224 3463; x_wconf 84' lang='lat' dir='ltr'><strong>grammatica,</strong></span> <span class='ocrx_word' id='word_1_329' title='bbox 3257 3379 3397 3444; x_wconf 88' lang='lat' dir='ltr'><strong>alia</strong></span> 
     </span>
     <span class='ocr_line' id='line_1_37' title="bbox 848 3464 3399 3556; baseline -0.003 -19"><span class='ocrx_word' id='word_1_330' title='bbox 848 3472 1194 3556; x_wconf 78' lang='lat' dir='ltr'><strong>prosodia,</strong></span> <span class='ocrx_word' id='word_1_331' title='bbox 1247 3472 1382 3537; x_wconf 85' lang='lat' dir='ltr'><strong>alia</strong></span> <span class='ocrx_word' id='word_1_332' title='bbox 1438 3471 1901 3536; x_wconf 84' lang='lat' dir='ltr'><strong>sententiarum</strong></span> <span class='ocrx_word' id='word_1_333' title='bbox 1956 3472 2306 3545; x_wconf 71' lang='lat' dir='ltr'><strong>structura,</strong></span> <span class='ocrx_word' id='word_1_334' title='bbox 2373 3467 2512 3534; x_wconf 81' lang='lat' dir='ltr'><strong>alia</strong></span> <span class='ocrx_word' id='word_1_335' title='bbox 2563 3467 2849 3548; x_wconf 86' lang='lat' dir='ltr'><strong>denique</strong></span> <span class='ocrx_word' id='word_1_336' title='bbox 2900 3465 3158 3547; x_wconf 81' lang='lat' dir='ltr'><strong>lingua!</strong></span> <span class='ocrx_word' id='word_1_337' title='bbox 3233 3464 3399 3550; x_wconf 79' lang='lat' dir='ltr'><strong>Ipsa</strong></span> 
     </span>
     <span class='ocr_line' id='line_1_38' title="bbox 850 3548 3396 3639; baseline -0.004 -16"><span class='ocrx_word' id='word_1_338' title='bbox 850 3561 1052 3623; x_wconf 82' lang='lat' dir='ltr'><strong>etiam</strong></span> <span class='ocrx_word' id='word_1_339' title='bbox 1102 3556 1415 3639; x_wconf 85' lang='lat' dir='ltr'><strong>Odyssea</strong></span> <span class='ocrx_word' id='word_1_340' title='bbox 1460 3554 1638 3619; x_wconf 89' lang='lat' dir='ltr'><strong>haud</strong></span> <span class='ocrx_word' id='word_1_341' title='bbox 1680 3554 1907 3638; x_wconf 89' lang='lat' dir='ltr'><strong>paullo</strong></span> <span class='ocrx_word' id='word_1_342' title='bbox 1934 3554 2356 3619; x_wconf 82' lang='lat' dir='ltr'><strong>vetustiorem</strong></span> <span class='ocrx_word' id='word_1_343' title='bbox 2402 3552 2577 3620; x_wconf 82' lang='lat' dir='ltr'><strong>banc</strong></span> <span class='ocrx_word' id='word_1_344' title='bbox 2605 3548 2908 3618; x_wconf 69' lang='grc' dir='ltr'><strong><em>ὄπλοποίαν</em></strong></span> <span class='ocrx_word' id='word_1_345' title='bbox 2936 3569 3084 3615; x_wconf 86' lang='lat' dir='ltr'><strong>esse</strong></span> <span class='ocrx_word' id='word_1_346' title='bbox 3125 3567 3209 3612; x_wconf 88' lang='lat' dir='ltr'><strong>eo</strong></span> <span class='ocrx_word' id='word_1_347' title='bbox 3237 3568 3396 3615; x_wconf 86' lang='lat' dir='ltr'><strong>oon·</strong></span> 
     </span>
     <span class='ocr_line' id='line_1_39' title="bbox 852 3632 3398 3725; baseline -0.003 -20"><span class='ocrx_word' id='word_1_348' title='bbox 852 3648 1027 3707; x_wconf 84' lang='lat' dir='ltr'><strong>stare</strong></span> <span class='ocrx_word' id='word_1_349' title='bbox 1055 3646 1243 3725; x_wconf 77' lang='lat' dir='ltr'><strong>puto,</strong></span> <span class='ocrx_word' id='word_1_350' title='bbox 1293 3639 1474 3724; x_wconf 85' lang='lat' dir='ltr'><strong>quod</strong></span> <span class='ocrx_word' id='word_1_351' title='bbox 1514 3640 1675 3722; x_wconf 81' lang='lat' dir='ltr'><strong>lyrae</strong></span> <span class='ocrx_word' id='word_1_352' title='bbox 1702 3637 1994 3715; x_wconf 67' lang='lat' dir='ltr'><strong>chordae,</strong></span> <span class='ocrx_word' id='word_1_353' title='bbox 2039 3659 2191 3722; x_wconf 84' lang='lat' dir='ltr'><strong>quae</strong></span> <span class='ocrx_word' id='word_1_354' title='bbox 2239 3639 2310 3701; x_wconf 90' lang='lat' dir='ltr'><strong>in</strong></span> <span class='ocrx_word' id='word_1_355' title='bbox 2355 3637 2474 3702; x_wconf 92' lang='lat' dir='ltr'><strong>illa</strong></span> <span class='ocrx_word' id='word_1_356' title='bbox 2522 3658 2613 3703; x_wconf 87' lang='lat' dir='ltr'><strong>ex</strong></span> <span class='ocrx_word' id='word_1_357' title='bbox 2658 3637 2885 3702; x_wconf 77' lang='lat' dir='ltr'><strong>ovium</strong></span> <span class='ocrx_word' id='word_1_358' title='bbox 2927 3632 3277 3711; x_wconf 83' lang='lat' dir='ltr'><strong>intestinis,</strong></span> <span class='ocrx_word' id='word_1_359' title='bbox 3323 3639 3398 3698; x_wconf 82' lang='lat' dir='ltr'><strong>nt</strong></span> 
     </span>
     <span class='ocr_line' id='line_1_40' title="bbox 898 3719 3398 3805; baseline -0.003 -14"><span class='ocrx_word' id='word_1_360' title='bbox 898 3733 1107 3805; x_wconf 84' lang='lat' dir='ltr'><strong>ostca,</strong></span> <span class='ocrx_word' id='word_1_361' title='bbox 1151 3727 1347 3790; x_wconf 85' lang='lat' dir='ltr'><strong>factae</strong></span> <span class='ocrx_word' id='word_1_362' title='bbox 1393 3722 1775 3801; x_wconf 88' lang='lat' dir='ltr'><strong>traduntur,&#39;</strong></span> <span class='ocrx_word' id='word_1_363' title='bbox 1827 3725 1899 3787; x_wconf 89' lang='lat' dir='ltr'><strong>in</strong></span> <span class='ocrx_word' id='word_1_364' title='bbox 1947 3724 2098 3800; x_wconf 89' lang='lat' dir='ltr'><strong>hac,</strong></span> <span class='ocrx_word' id='word_1_365' title='bbox 2155 3743 2195 3787; x_wconf 90' lang='lat' dir='ltr'><strong>e</strong></span> <span class='ocrx_word' id='word_1_366' title='bbox 2236 3724 2397 3799; x_wconf 89' lang='lat' dir='ltr'><strong>lino,</strong></span> <span class='ocrx_word' id='word_1_367' title='bbox 2453 3722 2785 3788; x_wconf 83' lang='lat' dir='ltr'><strong>mdiorum</strong></span> <span class='ocrx_word' id='word_1_368' title='bbox 2841 3726 2909 3785; x_wconf 86' lang='lat' dir='ltr'><strong>ct</strong></span> <span class='ocrx_word' id='word_1_369' title='bbox 2959 3719 3398 3803; x_wconf 75' lang='lat' dir='ltr'><strong>antiquiorum</strong></span> 
     </span>
     <span class='ocr_line' id='line_1_41' title="bbox 898 3804 3398 3892; baseline -0.003 -15"><span class='ocrx_word' id='word_1_370' title='bbox 898 3815 1190 3877; x_wconf 85' lang='lat' dir='ltr'><strong>ominum</strong></span> <span class='ocrx_word' id='word_1_371' title='bbox 1244 3812 1543 3888; x_wconf 86' lang='lat' dir='ltr'><strong>materia,</strong></span> <span class='ocrx_word' id='word_1_372' title='bbox 1599 3808 1815 3875; x_wconf 82' lang='lat' dir='ltr'><strong>fiunt.2</strong></span> <span class='ocrx_word' id='word_1_373' title='bbox 1901 3807 2141 3892; x_wconf 83' lang='lat' dir='ltr'><strong>Neque</strong></span> <span class='ocrx_word' id='word_1_374' title='bbox 2197 3806 2627 3873; x_wconf 83' lang='lat' dir='ltr'><strong>dubitandum</strong></span> <span class='ocrx_word' id='word_1_375' title='bbox 2670 3814 2774 3872; x_wconf 87' lang='lat' dir='ltr'><strong>est</strong></span> <span class='ocrx_word' id='word_1_376' title='bbox 2817 3807 2981 3891; x_wconf 90' lang='lat' dir='ltr'><strong>quin</strong></span> <span class='ocrx_word' id='word_1_377' title='bbox 3022 3809 3230 3887; x_wconf 88' lang='lat' dir='ltr'><strong>poeta</strong></span> <span class='ocrx_word' id='word_1_378' title='bbox 3270 3804 3398 3869; x_wconf 91' lang='lat' dir='ltr'><strong>hoc</strong></span> 
     </span>
     <span class='ocr_line' id='line_1_42' title="bbox 855 3887 3398 3980; baseline -0.004 -16"><span class='ocrx_word' id='word_1_379' title='bbox 855 3899 1146 3965; x_wconf 80' lang='lat' dir='ltr'><strong>Vulcani</strong></span> <span class='ocrx_word' id='word_1_380' title='bbox 1176 3896 1520 3980; x_wconf 86' lang='lat' dir='ltr'><strong>opificium</strong></span> <span class='ocrx_word' id='word_1_381' title='bbox 1548 3895 1768 3959; x_wconf 90' lang='lat' dir='ltr'><strong>animo</strong></span> <span class='ocrx_word' id='word_1_382' title='bbox 1819 3895 2238 3977; x_wconf 78' lang='lat' dir='ltr'><strong>propositum</strong></span> <span class='ocrx_word' id='word_1_383' title='bbox 2280 3892 2648 3972; x_wconf 83' lang='lat' dir='ltr'><strong>habuisset,</strong></span> <span class='ocrx_word' id='word_1_384' title='bbox 2691 3912 2893 3976; x_wconf 87' lang='lat' dir='ltr'><strong>quum</strong></span> <span class='ocrx_word' id='word_1_385' title='bbox 2937 3897 3136 3953; x_wconf 73' lang='lat' dir='ltr'><strong>antea</strong></span> <span class='ocrx_word' id='word_1_386' title='bbox 3162 3887 3398 3954; x_wconf 73' lang='lat' dir='ltr'><strong>Patro-</strong></span> 
     </span>
     <span class='ocr_line' id='line_1_43' title="bbox 854 3974 3399 4064; baseline -0.004 -16"><span class='ocrx_word' id='word_1_387' title='bbox 854 3985 962 4048; x_wconf 88' lang='lat' dir='ltr'><strong>clo</strong></span> <span class='ocrx_word' id='word_1_388' title='bbox 994 3986 1217 4049; x_wconf 86' lang='lat' dir='ltr'><strong>omnia</strong></span> <span class='ocrx_word' id='word_1_389' title='bbox 1243 3980 1530 4047; x_wconf 82' lang='lat' dir='ltr'><strong>Achillis</strong></span> <span class='ocrx_word' id='word_1_390' title='bbox 1579 4000 1765 4044; x_wconf 84' lang='lat' dir='ltr'><strong>arma</strong></span> <span class='ocrx_word' id='word_1_391' title='bbox 1786 3980 2074 4046; x_wconf 84' lang='lat' dir='ltr'><strong>induerit</strong></span> <span class='ocrx_word' id='word_1_392' title='bbox 2118 3984 2361 4064; x_wconf 76' lang='lat' dir='ltr'><strong>praeter</strong></span> <span class='ocrx_word' id='word_1_393' title='bbox 2385 3978 2644 4043; x_wconf 82' lang='lat' dir='ltr'><strong>hastam</strong></span> <span class='ocrx_word' id='word_1_394' title='bbox 2665 3998 2683 4057; x_wconf 73' lang='grc' dir='ltr'>ς</span> <span class='ocrx_word' id='word_1_395' title='bbox 2704 3980 2725 4013; x_wconf 84' lang='lat'>³</span> <span class='ocrx_word' id='word_1_396' title='bbox 2773 3996 2925 4061; x_wconf 75' lang='lat' dir='ltr'><strong>quoe</strong></span> <span class='ocrx_word' id='word_1_397' title='bbox 2953 3978 3178 4057; x_wconf 81' lang='lat' dir='ltr'><strong>utpote</strong></span> <span class='ocrx_word' id='word_1_398' title='bbox 3218 3974 3399 4055; x_wconf 67' lang='lat' dir='ltr'><strong>ligno</strong></span> 
     </span>
     <span class='ocr_line' id='line_1_44' title="bbox 851 4058 3401 4146; baseline -0.005 -12"><span class='ocrx_word' id='word_1_399' title='bbox 851 4068 1302 4146; x_wconf 82' lang='lat' dir='ltr'><strong>instauranda,</strong></span> <span class='ocrx_word' id='word_1_400' title='bbox 1348 4068 1458 4136; x_wconf 90' lang='lat' dir='ltr'><strong>dei</strong></span> <span class='ocrx_word' id='word_1_401' title='bbox 1501 4065 1783 4131; x_wconf 86' lang='lat' dir='ltr'><strong>officinae</strong></span> <span class='ocrx_word' id='word_1_402' title='bbox 1825 4064 2002 4130; x_wconf 87' lang='lat' dir='ltr'><strong>haud</strong></span> <span class='ocrx_word' id='word_1_403' title='bbox 2048 4063 2446 4131; x_wconf 82' lang='lat' dir='ltr'><strong>conveniret.</strong></span> <span class='ocrx_word' id='word_1_404' title='bbox 2534 4061 2905 4127; x_wconf 81' lang='lat' dir='ltr'><strong>Observare</strong></span> <span class='ocrx_word' id='word_1_405' title='bbox 2948 4077 3214 4142; x_wconf 80' lang='lat' dir='ltr'><strong>quoque</strong></span> <span class='ocrx_word' id='word_1_406' title='bbox 3237 4058 3401 4143; x_wconf 66' lang='lat' dir='ltr'><strong>lieet</strong></span> 
     </span>
     <span class='ocr_line' id='line_1_45' title="bbox 853 4146 3398 4226; baseline -0.006 -5"><span class='ocrx_word' id='word_1_407' title='bbox 853 4154 1141 4221; x_wconf 70' lang='lat' dir='ltr'><strong>ffl&#39;detum</strong></span> <span class='ocrx_word' id='word_1_408' title='bbox 1210 4153 1738 4219; x_wconf 86' lang='lat' dir='ltr'><strong>distributionem</strong></span> <span class='ocrx_word' id='word_1_409' title='bbox 1792 4152 1862 4215; x_wconf 91' lang='lat' dir='ltr'><strong>in</strong></span> <span class='ocrx_word' id='word_1_410' title='bbox 1918 4150 2219 4216; x_wconf 83' lang='lat' dir='ltr'><strong>diversas</strong></span> <span class='ocrx_word' id='word_1_411' title='bbox 2273 4148 2660 4214; x_wconf 85' lang='lat' dir='ltr'><strong>animalium</strong></span> <span class='ocrx_word' id='word_1_412' title='bbox 2720 4146 3125 4226; x_wconf 84' lang='lat' dir='ltr'><strong>aliarumque</strong></span> <span class='ocrx_word' id='word_1_413' title='bbox 3181 4161 3398 4208; x_wconf 71' lang='lat' dir='ltr'><strong>namn</strong></span> 
     </span>
     <span class='ocr_line' id='line_1_46' title="bbox 852 4226 3397 4322; baseline -0.004 -17"><span class='ocrx_word' id='word_1_414' title='bbox 852 4241 1101 4305; x_wconf 83' lang='lat' dir='ltr'><strong>formas</strong></span> <span class='ocrx_word' id='word_1_415' title='bbox 1145 4244 1211 4304; x_wconf 88' lang='lat' dir='ltr'><strong>et</strong></span> <span class='ocrx_word' id='word_1_416' title='bbox 1257 4240 1600 4322; x_wconf 79' lang='lat' dir='ltr'><strong>imagineS,</strong></span> <span class='ocrx_word' id='word_1_417' title='bbox 1649 4237 1776 4301; x_wconf 86' lang='lat' dir='ltr'><strong>etsi</strong></span> <span class='ocrx_word' id='word_1_418' title='bbox 1825 4242 1979 4300; x_wconf 79' lang='lat' dir='ltr'><strong>ante</strong></span> <span class='ocrx_word' id='word_1_419' title='bbox 2036 4235 2371 4301; x_wconf 69' lang='lat' dir='ltr'><strong>Pisistrati</strong></span> <span class='ocrx_word' id='word_1_420' title='bbox 2419 4240 2720 4316; x_wconf 74' lang='lat' dir='ltr'><strong>tempom</strong></span> <span class='ocrx_word' id='word_1_421' title='bbox 2768 4229 3036 4295; x_wconf 84' lang='lat' dir='ltr'><strong>Graecis</strong></span> <span class='ocrx_word' id='word_1_422' title='bbox 3093 4226 3397 4300; x_wconf 73' lang='lat' dir='ltr'><strong>omnibus</strong></span> 
     </span>
     <span class='ocr_line' id='line_1_47' title="bbox 851 4313 3399 4407; baseline -0.005 -14"><span class='ocrx_word' id='word_1_423' title='bbox 851 4333 1079 4393; x_wconf 86' lang='lat' dir='ltr'><strong>notam</strong></span> <span class='ocrx_word' id='word_1_424' title='bbox 1119 4332 1189 4392; x_wconf 92' lang='lat' dir='ltr'><strong>et</strong></span> <span class='ocrx_word' id='word_1_425' title='bbox 1215 4330 1622 4407; x_wconf 86' lang='lat' dir='ltr'><strong>usurpatam,</strong></span> <span class='ocrx_word' id='word_1_426' title='bbox 1664 4322 1884 4406; x_wconf 84' lang='lat' dir='ltr'><strong>clypei</strong></span> <span class='ocrx_word' id='word_1_427' title='bbox 1927 4321 2254 4386; x_wconf 78' lang='lat' dir='ltr'><strong>inventori</strong></span> <span class='ocrx_word' id='word_1_428' title='bbox 2294 4318 2585 4384; x_wconf 87' lang='lat' dir='ltr'><strong>nondum</strong></span> <span class='ocrx_word' id='word_1_429' title='bbox 2633 4315 3037 4381; x_wconf 86' lang='lat' dir='ltr'><strong>innotuisse:</strong></span> <span class='ocrx_word' id='word_1_430' title='bbox 3081 4331 3261 4377; x_wconf 81' lang='lat' dir='ltr'><strong>nam.</strong></span> <span class='ocrx_word' id='word_1_431' title='bbox 3283 4313 3399 4398; x_wconf 76' lang='lat' dir='ltr'><strong>qm’</strong></span> 
     </span>
     <span class='ocr_line' id='line_1_48' title="bbox 852 4396 3397 4493; baseline -0.004 -18"><span class='ocrx_word' id='word_1_432' title='bbox 852 4413 1137 4478; x_wconf 85' lang='lat' dir='ltr'><strong>formam</strong></span> <span class='ocrx_word' id='word_1_433' title='bbox 1164 4411 1273 4477; x_wconf 82' lang='lat' dir='ltr'><strong>vel</strong></span> <span class='ocrx_word' id='word_1_434' title='bbox 1321 4410 1675 4491; x_wconf 73' lang='lat' dir='ltr'><strong>imaginem</strong></span> <span class='ocrx_word' id='word_1_435' title='bbox 1702 4404 2035 4493; x_wconf 81' lang='lat' dir='ltr'><strong>ejusmodi</strong></span> <span class='ocrx_word' id='word_1_436' title='bbox 2077 4406 2373 4488; x_wconf 85' lang='lat' dir='ltr'><strong>aliquam</strong></span> <span class='ocrx_word' id='word_1_437' title='bbox 2418 4408 2668 4469; x_wconf 80' lang='lat' dir='ltr'><strong>certam</strong></span> <span class='ocrx_word' id='word_1_438' title='bbox 2688 4408 2762 4465; x_wconf 80' lang='lat' dir='ltr'><strong>et</strong></span> <span class='ocrx_word' id='word_1_439' title='bbox 2789 4398 3129 4465; x_wconf 76' lang='lat' dir='ltr'><strong>definitam</strong></span> <span class='ocrx_word' id='word_1_440' title='bbox 3158 4396 3397 4464; x_wconf 71' lang='lat' dir='ltr'><strong>sideria</strong></span> 
     </span>
     <span class='ocr_line' id='line_1_49' title="bbox 856 4482 3395 4569; baseline -0.006 -8"><span class='ocrx_word' id='word_1_441' title='bbox 856 4500 1200 4562; x_wconf 78' lang='lat' dir='ltr'><strong>cu&#39;usdam</strong></span> <span class='ocrx_word' id='word_1_442' title='bbox 1247 4498 1319 4561; x_wconf 87' lang='lat' dir='ltr'><strong>in</strong></span> <span class='ocrx_word' id='word_1_443' title='bbox 1369 4495 1592 4560; x_wconf 87' lang='lat' dir='ltr'><strong>animo</strong></span> <span class='ocrx_word' id='word_1_444' title='bbox 1618 4494 1980 4569; x_wconf 87' lang='lat' dir='ltr'><strong>habuisset,</strong></span> <span class='ocrx_word' id='word_1_445' title='bbox 2024 4491 2135 4555; x_wconf 76' lang='lat' dir='ltr'><strong>vel</strong></span> <span class='ocrx_word' id='word_1_446' title='bbox 2183 4489 2604 4555; x_wconf 80' lang='lat' dir='ltr'><strong>audientibus</strong></span> <span class='ocrx_word' id='word_1_447' title='bbox 2649 4484 3024 4569; x_wconf 76' lang='lat' dir='ltr'><strong>significare</strong></span> <span class='ocrx_word' id='word_1_448' title='bbox 3051 4482 3395 4559; x_wconf 82' lang='lat' dir='ltr'><strong>voluisset,</strong></span> 
     </span>
     <span class='ocr_line' id='line_1_50' title="bbox 851 4569 3398 4663; baseline -0.005 -17"><span class='ocrx_word' id='word_1_449' title='bbox 851 4603 939 4646; x_wconf 92' lang='lat' dir='ltr'><strong>nu</strong></span> <span class='ocrx_word' id='word_1_450' title='bbox 992 4602 1033 4646; x_wconf 93' lang='lat' dir='ltr'><strong>o</strong></span> <span class='ocrx_word' id='word_1_451' title='bbox 1112 4590 1266 4648; x_wconf 89' lang='lat' dir='ltr'><strong>acto</strong></span> <span class='ocrx_word' id='word_1_452' title='bbox 1297 4602 1448 4648; x_wconf 86' lang='lat' dir='ltr'><strong>eam</strong></span> <span class='ocrx_word' id='word_1_453' title='bbox 1464 4580 1844 4646; x_wconf 85' lang='lat' dir='ltr'><strong>nominibus</strong></span> <span class='ocrx_word' id='word_1_454' title='bbox 1871 4583 2012 4645; x_wconf 88' lang='lat' dir='ltr'><strong>tam</strong></span> <span class='ocrx_word' id='word_1_455' title='bbox 2042 4575 2324 4663; x_wconf 76' lang='lat' dir='ltr'><strong>diversis</strong></span> <span class='ocrx_word' id='word_1_456' title='bbox 2349 4580 2420 4639; x_wconf 83' lang='lat' dir='ltr'><strong>et</strong></span> <span class='ocrx_word' id='word_1_457' title='bbox 2445 4593 2488 4638; x_wconf 89' lang='lat' dir='ltr'><strong>a</strong></span> <span class='ocrx_word' id='word_1_458' title='bbox 2508 4591 2590 4641; x_wconf 77' lang='lat' dir='ltr'><strong>so</strong></span> <span class='ocrx_word' id='word_1_459' title='bbox 2606 4573 2899 4640; x_wconf 78' lang='lat' dir='ltr'><strong>invicem</strong></span> <span class='ocrx_word' id='word_1_460' title='bbox 2919 4569 3183 4643; x_wconf 85' lang='lat' dir='ltr'><strong>alienis,</strong></span> <span class='ocrx_word' id='word_1_461' title='bbox 3196 4586 3398 4651; x_wconf 80' lang='lat' dir='ltr'><strong>quam</strong></span> 
     </span>
     <span class='ocr_line' id='line_1_51' title="bbox 853 4653 3396 4745; baseline -0.007 -12"><span class='ocrx_word' id='word_1_462' title='bbox 853 4673 1006 4733; x_wconf 89' lang='lat' dir='ltr'><strong>sunt</strong></span> <span class='ocrx_word' id='word_1_463' title='bbox 1042 4665 1066 4727; x_wconf 84' lang='lat'><em>1</em></span> <span class='ocrx_word' id='word_1_464' title='bbox 1103 4689 1201 4730; x_wconf 81' lang='lat' dir='ltr'><strong>rsa</strong></span> <span class='ocrx_word' id='word_1_465' title='bbox 1232 4675 1299 4733; x_wconf 88' lang='lat' dir='ltr'><strong>et</strong></span> <span class='ocrx_word' id='word_1_466' title='bbox 1335 4667 1720 4743; x_wconf 75' lang='lat' dir='ltr'><strong>Plaustrum,</strong></span> <span class='ocrx_word' id='word_1_467' title='bbox 1772 4666 1857 4728; x_wconf 90' lang='lat' dir='ltr'><strong>iis</strong></span> <span class='ocrx_word' id='word_1_468' title='bbox 1885 4660 2368 4745; x_wconf 86' lang='lat' dir='ltr'><strong>intelligendam</strong></span> <span class='ocrx_word' id='word_1_469' title='bbox 2410 4654 2848 4741; x_wconf 79' lang='lat' dir='ltr'><strong>protulisset.⁴</strong></span> <span class='ocrx_word' id='word_1_470' title='bbox 2930 4655 3011 4720; x_wconf 91' lang='lat' dir='ltr'><strong>In</strong></span> <span class='ocrx_word' id='word_1_471' title='bbox 3047 4653 3153 4717; x_wconf 88' lang='lat' dir='ltr'><strong>his</strong></span> <span class='ocrx_word' id='word_1_472' title='bbox 3181 4658 3396 4720; x_wconf 86' lang='lat' dir='ltr'><strong>autem</strong></span> 
     </span>
     <span class='ocr_line' id='line_1_52' title="bbox 853 4742 3398 4835; baseline -0.007 -17"><span class='ocrx_word' id='word_1_473' title='bbox 853 4752 1147 4818; x_wconf 88' lang='lat' dir='ltr'><strong>siderum</strong></span> <span class='ocrx_word' id='word_1_474' title='bbox 1194 4752 1401 4835; x_wconf 86' lang='lat' dir='ltr'><strong>signis</strong></span> <span class='ocrx_word' id='word_1_475' title='bbox 1452 4754 1698 4816; x_wconf 82' lang='lat' dir='ltr'><strong>nullam</strong></span> <span class='ocrx_word' id='word_1_476' title='bbox 1743 4769 2015 4834; x_wconf 85' lang='lat' dir='ltr'><strong>prorsus</strong></span> <span class='ocrx_word' id='word_1_477' title='bbox 2059 4767 2282 4812; x_wconf 91' lang='lat' dir='ltr'><strong>eorum</strong></span> <span class='ocrx_word' id='word_1_478' title='bbox 2329 4744 2823 4809; x_wconf 86' lang='lat' dir='ltr'><strong>similitudinem</strong></span> <span class='ocrx_word' id='word_1_479' title='bbox 2863 4742 3083 4806; x_wconf 86' lang='lat' dir='ltr'><strong>inesse</strong></span> <span class='ocrx_word' id='word_1_480' title='bbox 3114 4742 3231 4802; x_wconf 86' lang='lat' dir='ltr'><strong>aut</strong></span> <span class='ocrx_word' id='word_1_481' title='bbox 3277 4757 3398 4801; x_wconf 91' lang='lat' dir='ltr'><strong>un-</strong></span> 
     </span>
    </p>
   </div>
   <div class='ocr_carea' id='block_1_5' title="bbox 864 4884 3392 4920">
    <p class='ocr_par' dir='ltr' id='par_1_5' title="bbox 864 4884 3392 4920">
     <span class='ocr_line' id='line_1_53' title="bbox 864 4884 3392 4920; baseline 0 1055"><span class='ocrx_word' id='word_1_482' title='bbox 864 4884 3392 4920; x_wconf 95' lang='lat' dir='ltr'><strong> </strong></span> 
     </span>
    </p>
   </div>
   <div class='ocr_carea' id='block_1_6' title="bbox 924 4945 2691 5101">
    <p class='ocr_par' dir='ltr' id='par_1_6' title="bbox 924 4945 2691 5101">
     <span class='ocr_line' id='line_1_54' title="bbox 928 4945 2691 5038; baseline -0.009 -16"><span class='ocrx_word' id='word_1_483' title='bbox 928 4979 944 5005; x_wconf 84' lang='lat'>·</span> <span class='ocrx_word' id='word_1_484' title='bbox 982 4966 1180 5038; x_wconf 56' lang='grc'>011335.</span> <span class='ocrx_word' id='word_1_485' title='bbox 1208 4976 1262 5017; x_wconf 73' lang='lat'><strong>0.</strong></span> <span class='ocrx_word' id='word_1_486' title='bbox 1285 4971 1408 5019; x_wconf 84' lang='lat'>408.</span> <span class='ocrx_word' id='word_1_487' title='bbox 2249 4945 2277 4986; x_wconf 73' lang='lat'><strong>2&#39;</strong></span> <span class='ocrx_word' id='word_1_488' title='bbox 2312 4955 2471 5011; x_wconf 71' lang='lat' dir='ltr'><strong>Iliad.</strong></span> <span class='ocrx_word' id='word_1_489' title='bbox 2497 4961 2542 5005; x_wconf 73' lang='grc' dir='ltr'><strong>Σ.</strong></span> <span class='ocrx_word' id='word_1_490' title='bbox 2567 4957 2691 5009; x_wconf 76' lang='grc'>570.</span> 
     </span>
     <span class='ocr_line' id='line_1_55' title="bbox 924 5025 2689 5101; baseline -0.008 -8"><span class='ocrx_word' id='word_1_491' title='bbox 924 5043 946 5079; x_wconf 77' lang='lat'>³</span> <span class='ocrx_word' id='word_1_492' title='bbox 985 5038 1070 5092; x_wconf 84' lang='lat' dir='ltr'><strong>lb.</strong></span> <span class='ocrx_word' id='word_1_493' title='bbox 1093 5047 1156 5090; x_wconf 85' lang='lat'><strong>11.</strong></span> <span class='ocrx_word' id='word_1_494' title='bbox 1188 5041 1301 5101; x_wconf 80' lang='lat'><strong>130,</strong></span> <span class='ocrx_word' id='word_1_495' title='bbox 1336 5045 1391 5088; x_wconf 87' lang='lat' dir='ltr'><strong>et</strong></span> <span class='ocrx_word' id='word_1_496' title='bbox 1415 5032 1585 5088; x_wconf 85' lang='lat' dir='ltr'><strong>schol.</strong></span> <span class='ocrx_word' id='word_1_497' title='bbox 1622 5035 1758 5087; x_wconf 83' lang='lat' dir='ltr'><strong>Ven.</strong></span> <span class='ocrx_word' id='word_1_498' title='bbox 2254 5027 2282 5061; x_wconf 77' lang='lat'>⁴</span> <span class='ocrx_word' id='word_1_499' title='bbox 2315 5025 2474 5079; x_wconf 85' lang='lat' dir='ltr'><strong>Iliad.</strong></span> <span class='ocrx_word' id='word_1_500' title='bbox 2500 5031 2547 5079; x_wconf 80' lang='grc' dir='ltr'><strong>Σ.</strong></span> <span class='ocrx_word' id='word_1_501' title='bbox 2567 5029 2689 5079; x_wconf 70' lang='grc'><strong>487.</strong></span> 
     </span>
    </p>
   </div>
  </div>
 </body>
</html>
