<?xml version="1.0" encoding="UTF-8"?>
<!DOCTYPE html PUBLIC "-//W3C//DTD XHTML 1.0 Transitional//EN"
    "http://www.w3.org/TR/xhtml1/DTD/xhtml1-transitional.dtd">
<html xmlns="http://www.w3.org/1999/xhtml" xml:lang="en" lang="en">
 <head>
  <title>
</title>
<meta http-equiv="Content-Type" content="text/html;charset=utf-8" />
  <meta name='ocr-system' content='tesseract 3.04.00' />
  <meta name='ocr-capabilities' content='ocr_page ocr_carea ocr_par ocr_line ocrx_word'/>
</head>
<body>
  <div class='ocr_page' id='page_1' title='image "./carminahomerica00kniggoog/carminahomerica00kniggoog_0033.png"; bbox 0 0 3825 5975; ppageno 0'>
   <div class='ocr_carea' id='block_1_1' title="bbox 445 365 1209 462">
    <p class='ocr_par' dir='ltr' id='par_1_1' title="bbox 445 365 1209 462">
     <span class='ocr_line' id='line_1_1' title="bbox 445 365 1209 462; baseline 0.004 -23"><span class='ocrx_word' id='word_1_1' title='bbox 445 367 495 439; x_wconf 78' lang='lat'>22</span> <span class='ocrx_word' id='word_1_2' title='bbox 951 365 1209 462; x_wconf 70' lang='lat' dir='ltr'>Protagoram</span> 
     </span>
    </p>
   </div>
   <div class='ocr_carea' id='block_1_2' title="bbox 435 535 1743 2495">
    <p class='ocr_par' dir='ltr' id='par_1_2' title="bbox 440 535 1743 1451">
     <span class='ocr_line' id='line_1_2' title="bbox 442 535 1712 620; baseline 0.008 -20"><span class='ocrx_word' id='word_1_3' title='bbox 442 551 532 620; x_wconf 83' lang='lat' dir='ltr'>quas</span> <span class='ocrx_word' id='word_1_4' title='bbox 543 539 732 615; x_wconf 59' lang='lat' dir='ltr'>macarem,</span> <span class='ocrx_word' id='word_1_5' title='bbox 756 535 949 602; x_wconf 76' lang='lat' dir='ltr'>Homericis</span> <span class='ocrx_word' id='word_1_6' title='bbox 960 537 1085 602; x_wconf 82' lang='lat' dir='ltr'>fabulis</span> <span class='ocrx_word' id='word_1_7' title='bbox 1097 553 1214 602; x_wconf 88' lang='lat' dir='ltr'>ornare</span> <span class='ocrx_word' id='word_1_8' title='bbox 1226 541 1260 602; x_wconf 89' lang='lat' dir='ltr'>et</span> <span class='ocrx_word' id='word_1_9' title='bbox 1273 555 1392 620; x_wconf 86' lang='lat' dir='ltr'>augere</span> <span class='ocrx_word' id='word_1_10' title='bbox 1402 539 1602 618; x_wconf 73' lang='lat' dir='ltr'>laborarent,</span> <span class='ocrx_word' id='word_1_11' title='bbox 1616 540 1712 610; x_wconf 80' lang='lat' dir='ltr'>alteri</span> 
     </span>
     <span class='ocr_line' id='line_1_3' title="bbox 445 620 1711 710; baseline 0.006 -25"><span class='ocrx_word' id='word_1_12' title='bbox 445 620 593 706; x_wconf 91' lang='lat' dir='ltr'>opinioni</span> <span class='ocrx_word' id='word_1_13' title='bbox 620 622 699 706; x_wconf 90' lang='lat' dir='ltr'>plus</span> <span class='ocrx_word' id='word_1_14' title='bbox 722 622 878 706; x_wconf 89' lang='lat' dir='ltr'>ponderis</span> <span class='ocrx_word' id='word_1_15' title='bbox 900 629 933 687; x_wconf 89' lang='lat' dir='ltr'>et</span> <span class='ocrx_word' id='word_1_16' title='bbox 947 622 1160 688; x_wconf 81' lang='lat' dir='ltr'>&#39;auctoritatis</span> <span class='ocrx_word' id='word_1_17' title='bbox 1181 621 1374 688; x_wconf 76' lang='lat' dir='ltr'><strong>addiderint.</strong></span> <span class='ocrx_word' id='word_1_18' title='bbox 1418 622 1542 690; x_wconf 77' lang='lat' dir='ltr'>Gentes</span> <span class='ocrx_word' id='word_1_19' title='bbox 1565 645 1711 710; x_wconf 88' lang='lat' dir='ltr'>quoque,</span> 
     </span>
     <span class='ocr_line' id='line_1_4' title="bbox 444 707 1710 796; baseline 0.006 -28"><span class='ocrx_word' id='word_1_20' title='bbox 444 723 521 789; x_wconf 84' lang='lat' dir='ltr'>quae</span> <span class='ocrx_word' id='word_1_21' title='bbox 536 725 595 770; x_wconf 91' lang='lat' dir='ltr'>eas</span> <span class='ocrx_word' id='word_1_22' title='bbox 617 709 769 789; x_wconf 79' lang='lat' dir='ltr'>regiones</span> <span class='ocrx_word' id='word_1_23' title='bbox 790 709 991 785; x_wconf 77' lang='lat' dir='ltr'>incolebant,</span> <span class='ocrx_word' id='word_1_24' title='bbox 1014 707 1093 774; x_wconf 87' lang='lat' dir='ltr'>dum</span> <span class='ocrx_word' id='word_1_25' title='bbox 1111 708 1146 770; x_wconf 92' lang='lat' dir='ltr'>in</span> <span class='ocrx_word' id='word_1_26' title='bbox 1172 709 1288 791; x_wconf 76' lang='lat' dir='ltr'>patriae</span> <span class='ocrx_word' id='word_1_27' title='bbox 1312 708 1477 787; x_wconf 89' lang='lat' dir='ltr'>bonorem,</span> <span class='ocrx_word' id='word_1_28' title='bbox 1500 711 1710 796; x_wconf 69' lang='lat' dir='ltr'>antiquitatis</span> 
     </span>
     <span class='ocr_line' id='line_1_5' title="bbox 441 791 1712 876; baseline 0.008 -22"><span class='ocrx_word' id='word_1_29' title='bbox 441 791 588 874; x_wconf 82' lang='lat' dir='ltr'>speeiem</span> <span class='ocrx_word' id='word_1_30' title='bbox 602 811 621 855; x_wconf 88' lang='lat' dir='ltr'>e</span> <span class='ocrx_word' id='word_1_31' title='bbox 636 794 835 858; x_wconf 71' lang='lat' dir='ltr'>carminibus</span> <span class='ocrx_word' id='word_1_32' title='bbox 858 793 1049 859; x_wconf 76' lang='lat' dir='ltr'>Homericis</span> <span class='ocrx_word' id='word_1_33' title='bbox 1073 811 1277 876; x_wconf 75' lang='lat' dir='ltr'>maquaeque</span> <span class='ocrx_word' id='word_1_34' title='bbox 1291 799 1450 876; x_wconf 84' lang='lat' dir='ltr'>captaret,</span> <span class='ocrx_word' id='word_1_35' title='bbox 1471 815 1633 862; x_wconf 84' lang='lat' dir='ltr'>rumorem</span> <span class='ocrx_word' id='word_1_36' title='bbox 1655 797 1712 864; x_wconf 80' lang='lat' dir='ltr'>vel</span> 
     </span>
     <span class='ocr_line' id='line_1_6' title="bbox 443 873 1743 967; baseline 0.006 -28"><span class='ocrx_word' id='word_1_37' title='bbox 443 873 601 941; x_wconf 88' lang='lat' dir='ltr'>indicium</span> <span class='ocrx_word' id='word_1_38' title='bbox 614 878 844 962; x_wconf 87' lang='lat' dir='ltr'>quodcunque,</span> <span class='ocrx_word' id='word_1_39' title='bbox 866 880 1095 944; x_wconf 87' lang='lat' dir='ltr'>tenuissimum</span> <span class='ocrx_word' id='word_1_40' title='bbox 1108 881 1219 955; x_wconf 89' lang='lat' dir='ltr'>etiam,</span> <span class='ocrx_word' id='word_1_41' title='bbox 1242 898 1307 961; x_wconf 89' lang='lat' dir='ltr'>quo</span> <span class='ocrx_word' id='word_1_42' title='bbox 1323 877 1519 944; x_wconf 81' lang='lat' dir='ltr'>Graecorum</span> <span class='ocrx_word' id='word_1_43' title='bbox 1541 882 1709 967; x_wconf 84' lang='lat' dir='ltr'>principes</span> <span class='ocrx_word' id='word_1_44' title='bbox 1741 892 1743 898; x_wconf 86' lang='lat'>&#39;</span> 
     </span>
     <span class='ocr_line' id='line_1_7' title="bbox 442 959 1710 1048; baseline 0.007 -23"><span class='ocrx_word' id='word_1_45' title='bbox 442 977 466 1024; x_wconf 85' lang='lat' dir='ltr'>a</span> <span class='ocrx_word' id='word_1_46' title='bbox 481 959 586 1048; x_wconf 70' lang='lat' dir='ltr'>&#39;lhoja</span> <span class='ocrx_word' id='word_1_47' title='bbox 599 963 770 1028; x_wconf 76' lang='lat' dir='ltr'>redeuntes</span> <span class='ocrx_word' id='word_1_48' title='bbox 792 983 835 1028; x_wconf 89' lang='lat' dir='ltr'>ea</span> <span class='ocrx_word' id='word_1_49' title='bbox 858 965 934 1030; x_wconf 89' lang='lat' dir='ltr'>loca</span> <span class='ocrx_word' id='word_1_50' title='bbox 958 963 1108 1046; x_wconf 75' lang='lat' dir='ltr'>attigisse</span> <span class='ocrx_word' id='word_1_51' title='bbox 1131 964 1345 1040; x_wconf 86' lang='lat' dir='ltr'>crederentur,</span> <span class='ocrx_word' id='word_1_52' title='bbox 1371 965 1470 1029; x_wconf 73' lang='lat' dir='ltr'>avida</span> <span class='ocrx_word' id='word_1_53' title='bbox 1491 965 1655 1048; x_wconf 86' lang='lat' dir='ltr'>arripuere</span> <span class='ocrx_word' id='word_1_54' title='bbox 1677 973 1710 1034; x_wconf 85' lang='lat' dir='ltr'>et</span> 
     </span>
     <span class='ocr_line' id='line_1_8' title="bbox 442 1046 1710 1136; baseline 0.005 -26"><span class='ocrx_word' id='word_1_55' title='bbox 442 1046 620 1111; x_wconf 76' lang='lat' dir='ltr'>ambitiose</span> <span class='ocrx_word' id='word_1_56' title='bbox 642 1068 783 1114; x_wconf 80' lang='lat' dir='ltr'>auxere:</span> <span class='ocrx_word' id='word_1_57' title='bbox 805 1051 891 1114; x_wconf 90' lang='lat' dir='ltr'>uude</span> <span class='ocrx_word' id='word_1_58' title='bbox 904 1051 1014 1116; x_wconf 83' lang='lat' dir='ltr'>evenit</span> <span class='ocrx_word' id='word_1_59' title='bbox 1036 1053 1073 1112; x_wconf 88' lang='lat' dir='ltr'>ut</span> <span class='ocrx_word' id='word_1_60' title='bbox 1092 1049 1210 1113; x_wconf 91' lang='lat' dir='ltr'>Sicilia</span> <span class='ocrx_word' id='word_1_61' title='bbox 1231 1068 1293 1132; x_wconf 92' lang='lat' dir='ltr'>pro</span> <span class='ocrx_word' id='word_1_62' title='bbox 1306 1048 1503 1133; x_wconf 82' lang='lat' dir='ltr'>Cyclopum,</span> <span class='ocrx_word' id='word_1_63' title='bbox 1526 1049 1710 1136; x_wconf 79' lang='lat' dir='ltr'>Campania</span> 
     </span>
     <span class='ocr_line' id='line_1_9' title="bbox 441 1131 1708 1220; baseline 0.006 -25"><span class='ocrx_word' id='word_1_64' title='bbox 441 1149 503 1214; x_wconf 86' lang='lat' dir='ltr'>pro</span> <span class='ocrx_word' id='word_1_65' title='bbox 517 1131 782 1216; x_wconf 80' lang='lat' dir='ltr'>Laestrygonum,</span> <span class='ocrx_word' id='word_1_66' title='bbox 804 1140 838 1199; x_wconf 88' lang='lat' dir='ltr'>et</span> <span class='ocrx_word' id='word_1_67' title='bbox 849 1134 998 1218; x_wconf 82' lang='lat' dir='ltr'>Corcyra</span> <span class='ocrx_word' id='word_1_68' title='bbox 1010 1154 1072 1218; x_wconf 92' lang='lat' dir='ltr'>pro</span> <span class='ocrx_word' id='word_1_69' title='bbox 1082 1133 1267 1198; x_wconf 87' lang='lat' dir='ltr'>Phaeacum</span> <span class='ocrx_word' id='word_1_70' title='bbox 1279 1136 1387 1217; x_wconf 85' lang='lat' dir='ltr'>patria</span> <span class='ocrx_word' id='word_1_71' title='bbox 1399 1135 1511 1200; x_wconf 85' lang='lat' dir='ltr'>habitu</span> <span class='ocrx_word' id='word_1_72' title='bbox 1524 1137 1583 1214; x_wconf 86' lang='lat' dir='ltr'>sit;</span> <span class='ocrx_word' id='word_1_73' title='bbox 1606 1157 1708 1220; x_wconf 87' lang='lat' dir='ltr'>quum</span> 
     </span>
     <span class='ocr_line' id='line_1_10' title="bbox 441 1217 1709 1307; baseline 0.006 -28"><span class='ocrx_word' id='word_1_74' title='bbox 441 1219 562 1294; x_wconf 73' lang='lat' dir='ltr'>tamem</span> <span class='ocrx_word' id='word_1_75' title='bbox 584 1237 710 1296; x_wconf 88' lang='lat' dir='ltr'>revera,</span> <span class='ocrx_word' id='word_1_76' title='bbox 734 1239 801 1284; x_wconf 90' lang='lat' dir='ltr'>nou</span> <span class='ocrx_word' id='word_1_77' title='bbox 816 1222 909 1286; x_wconf 83' lang='lat' dir='ltr'>aliter</span> <span class='ocrx_word' id='word_1_78' title='bbox 922 1226 1064 1284; x_wconf 89' lang='lat' dir='ltr'>emente</span> <span class='ocrx_word' id='word_1_79' title='bbox 1086 1224 1208 1304; x_wconf 80' lang='lat' dir='ltr'>poetae,</span> <span class='ocrx_word' id='word_1_80' title='bbox 1231 1217 1272 1284; x_wconf 91' lang='lat' dir='ltr'>dc</span> <span class='ocrx_word' id='word_1_81' title='bbox 1287 1218 1493 1304; x_wconf 83' lang='lat' dir='ltr'>Cyclopibus</span> <span class='ocrx_word' id='word_1_82' title='bbox 1508 1226 1541 1292; x_wconf 84' lang='lat' dir='ltr'>et</span> <span class='ocrx_word' id='word_1_83' title='bbox 1563 1219 1709 1307; x_wconf 75' lang='lat' dir='ltr'>Laestry-</span> 
     </span>
     <span class='ocr_line' id='line_1_11' title="bbox 440 1295 1709 1451; baseline 0.006 -87"><span class='ocrx_word' id='word_1_84' title='bbox 440 1302 581 1451; x_wconf 46' lang='grc' dir='ltr'>ἥξω</span> <span class='ocrx_word' id='word_1_85' title='bbox 608 1323 707 1385; x_wconf 88' lang='lat' dir='ltr'>quarn</span> <span class='ocrx_word' id='word_1_86' title='bbox 735 1304 776 1368; x_wconf 91' lang='lat' dir='ltr'>de</span> <span class='ocrx_word' id='word_1_87' title='bbox 805 1305 1173 1387; x_wconf 83' lang='lat' dir='ltr'>Brobdignngiensibus,</span> <span class='ocrx_word' id='word_1_88' title='bbox 1208 1304 1414 1369; x_wconf 76' lang='lat' dir='ltr'>stamendum</span> <span class='ocrx_word' id='word_1_89' title='bbox 1450 1305 1567 1384; x_wconf 88' lang='lat' dir='ltr'>suerit;</span> <span class='ocrx_word' id='word_1_90' title='bbox 1602 1295 1709 1391; x_wconf 79' lang='lat' dir='ltr'>ne‘qus</span> 
     </span>
    </p>

    <p class='ocr_par' dir='ltr' id='par_1_3' title="bbox 435 1388 1714 2495">
     <span class='ocr_line' id='line_1_12' title="bbox 525 1388 1714 1473; baseline 0.003 -22"><span class='ocrx_word' id='word_1_91' title='bbox 525 1406 605 1452; x_wconf 90' lang='lat' dir='ltr'>aces</span> <span class='ocrx_word' id='word_1_92' title='bbox 619 1394 653 1452; x_wconf 90' lang='lat' dir='ltr'>et</span> <span class='ocrx_word' id='word_1_93' title='bbox 666 1409 780 1454; x_wconf 84' lang='lat' dir='ltr'>eorum</span> <span class='ocrx_word' id='word_1_94' title='bbox 792 1390 900 1455; x_wconf 86' lang='lat' dir='ltr'>insula</span> <span class='ocrx_word' id='word_1_95' title='bbox 914 1389 1053 1455; x_wconf 87' lang='lat' dir='ltr'>Scheria</span> <span class='ocrx_word' id='word_1_96' title='bbox 1066 1391 1133 1454; x_wconf 89' lang='lat' dir='ltr'>alio</span> <span class='ocrx_word' id='word_1_97' title='bbox 1146 1390 1223 1453; x_wconf 91' lang='lat' dir='ltr'>loco</span> <span class='ocrx_word' id='word_1_98' title='bbox 1236 1388 1389 1467; x_wconf 89' lang='lat' dir='ltr'>habendi,</span> <span class='ocrx_word' id='word_1_99' title='bbox 1413 1410 1513 1473; x_wconf 89' lang='lat' dir='ltr'>quam</span> <span class='ocrx_word' id='word_1_100' title='bbox 1528 1391 1714 1472; x_wconf 59' lang='lat' dir='ltr'>Pancbaea&#39;</span> 
     </span>
     <span class='ocr_line' id='line_1_13' title="bbox 440 1469 1708 1558; baseline 0.006 -22"><span class='ocrx_word' id='word_1_101' title='bbox 440 1469 584 1556; x_wconf 74' lang='lat' dir='ltr'>Iaputa,</span> <span class='ocrx_word' id='word_1_102' title='bbox 601 1473 757 1558; x_wconf 86' lang='lat' dir='ltr'>Eutopia,</span> <span class='ocrx_word' id='word_1_103' title='bbox 781 1481 816 1539; x_wconf 91' lang='lat' dir='ltr'>et</span> <span class='ocrx_word' id='word_1_104' title='bbox 828 1476 903 1540; x_wconf 84' lang='lat' dir='ltr'>uliae</span> <span class='ocrx_word' id='word_1_105' title='bbox 917 1475 1081 1558; x_wconf 87' lang='lat' dir='ltr'>ejusmodi</span> <span class='ocrx_word' id='word_1_106' title='bbox 1094 1475 1271 1551; x_wconf 82' lang='lat' dir='ltr'>fabulosae,</span> <span class='ocrx_word' id='word_1_107' title='bbox 1296 1495 1382 1558; x_wconf 87' lang='lat' dir='ltr'>quas</span> <span class='ocrx_word' id='word_1_108' title='bbox 1395 1476 1589 1540; x_wconf 79' lang='lat' dir='ltr'>facetissimi</span> <span class='ocrx_word' id='word_1_109' title='bbox 1602 1476 1708 1544; x_wconf 65' lang='lat' dir='ltr'>homi:</span> 
     </span>
     <span class='ocr_line' id='line_1_14' title="bbox 438 1559 1706 1646; baseline 0.009 -27"><span class='ocrx_word' id='word_1_110' title='bbox 438 1575 510 1634; x_wconf 89' lang='lat' dir='ltr'>nes,</span> <span class='ocrx_word' id='word_1_111' title='bbox 533 1559 606 1621; x_wconf 84' lang='lat' dir='ltr'>sive</span> <span class='ocrx_word' id='word_1_112' title='bbox 618 1560 654 1622; x_wconf 91' lang='lat' dir='ltr'>in</span> <span class='ocrx_word' id='word_1_113' title='bbox 665 1561 874 1625; x_wconf 88' lang='lat' dir='ltr'>sacerdotum</span> <span class='ocrx_word' id='word_1_114' title='bbox 889 1565 923 1624; x_wconf 87' lang='lat' dir='ltr'>ct</span> <span class='ocrx_word' id='word_1_115' title='bbox 935 1559 1205 1646; x_wconf 89' lang='lat' dir='ltr'>philosophorum</span> <span class='ocrx_word' id='word_1_116' title='bbox 1224 1560 1412 1638; x_wconf 89' lang='lat' dir='ltr'>ludibrium,</span> <span class='ocrx_word' id='word_1_117' title='bbox 1434 1561 1552 1624; x_wconf 86' lang='lat' dir='ltr'>sivein</span> <span class='ocrx_word' id='word_1_118' title='bbox 1568 1581 1706 1630; x_wconf 77' lang='lat' dir='ltr'>summae</span> 
     </span>
     <span class='ocr_line' id='line_1_15' title="bbox 439 1641 1707 1730; baseline 0.006 -26"><span class='ocrx_word' id='word_1_119' title='bbox 439 1641 652 1708; x_wconf 88' lang='lat' dir='ltr'>beatitudiuis</span> <span class='ocrx_word' id='word_1_120' title='bbox 666 1647 867 1730; x_wconf 86' lang='lat' dir='ltr'>exemplum,</span> <span class='ocrx_word' id='word_1_121' title='bbox 891 1651 1011 1728; x_wconf 87' lang='lat' dir='ltr'>suopte</span> <span class='ocrx_word' id='word_1_122' title='bbox 1025 1647 1164 1729; x_wconf 90' lang='lat' dir='ltr'>quisque</span> <span class='ocrx_word' id='word_1_123' title='bbox 1177 1645 1321 1726; x_wconf 81' lang='lat' dir='ltr'>ingenio,</span> <span class='ocrx_word' id='word_1_124' title='bbox 1344 1643 1541 1710; x_wconf 83' lang='lat' dir='ltr'>effinxerint.</span> <span class='ocrx_word' id='word_1_125' title='bbox 1586 1645 1707 1730; x_wconf 86' lang='lat' dir='ltr'>Neque</span> 
     </span>
     <span class='ocr_line' id='line_1_16' title="bbox 439 1727 1706 1815; baseline 0.006 -26"><span class='ocrx_word' id='word_1_126' title='bbox 439 1727 577 1792; x_wconf 82' lang='lat' dir='ltr'>multrrm</span> <span class='ocrx_word' id='word_1_127' title='bbox 590 1729 732 1814; x_wconf 84' lang='lat' dir='ltr'>profecit</span> <span class='ocrx_word' id='word_1_128' title='bbox 744 1732 795 1798; x_wconf 83' lang='lat' dir='ltr'>vir</span> <span class='ocrx_word' id='word_1_129' title='bbox 807 1733 998 1808; x_wconf 88' lang='lat' dir='ltr'>acerrimus,</span> <span class='ocrx_word' id='word_1_130' title='bbox 1020 1733 1091 1815; x_wconf 90' lang='lat' dir='ltr'>qui,</span> <span class='ocrx_word' id='word_1_131' title='bbox 1114 1735 1192 1813; x_wconf 88' lang='lat' dir='ltr'>post</span> <span class='ocrx_word' id='word_1_132' title='bbox 1205 1727 1345 1796; x_wconf 82' lang='lat' dir='ltr'>Iliacam</span> <span class='ocrx_word' id='word_1_133' title='bbox 1371 1731 1624 1814; x_wconf 87' lang='lat' dir='ltr'>topographiam</span> <span class='ocrx_word' id='word_1_134' title='bbox 1637 1737 1706 1796; x_wconf 84' lang='lat' dir='ltr'>tam</span> 
     </span>
     <span class='ocr_line' id='line_1_17' title="bbox 438 1809 1706 1900; baseline 0.006 -26"><span class='ocrx_word' id='word_1_135' title='bbox 438 1809 527 1876; x_wconf 82' lang='lat' dir='ltr'>felici</span> <span class='ocrx_word' id='word_1_136' title='bbox 540 1813 700 1880; x_wconf 86' lang='lat' dir='ltr'>industria</span> <span class='ocrx_word' id='word_1_137' title='bbox 712 1817 914 1900; x_wconf 80' lang='lat' dir='ltr'>expeditam,</span> <span class='ocrx_word' id='word_1_138' title='bbox 936 1815 1161 1900; x_wconf 86' lang='lat' dir='ltr'>Odyssiacam</span> <span class='ocrx_word' id='word_1_139' title='bbox 1174 1815 1265 1879; x_wconf 88' lang='lat' dir='ltr'>baud</span> <span class='ocrx_word' id='word_1_140' title='bbox 1277 1817 1413 1899; x_wconf 86' lang='lat' dir='ltr'>paribus</span> <span class='ocrx_word' id='word_1_141' title='bbox 1427 1815 1587 1900; x_wconf 85' lang='lat' dir='ltr'>auspiciis</span> <span class='ocrx_word' id='word_1_142' title='bbox 1602 1823 1706 1882; x_wconf 87' lang='lat' dir='ltr'>teuta·</span> 
     </span>
     <span class='ocr_line' id='line_1_18' title="bbox 438 1896 1707 1984; baseline 0.006 -24"><span class='ocrx_word' id='word_1_143' title='bbox 438 1896 504 1961; x_wconf 74' lang='lat' dir='ltr'>vit:</span> <span class='ocrx_word' id='word_1_144' title='bbox 528 1899 636 1962; x_wconf 89' lang='lat' dir='ltr'>omnis</span> <span class='ocrx_word' id='word_1_145' title='bbox 648 1903 734 1965; x_wconf 89' lang='lat' dir='ltr'>euim</span> <span class='ocrx_word' id='word_1_146' title='bbox 748 1902 924 1966; x_wconf 84' lang='lat' dir='ltr'>similitudo</span> <span class='ocrx_word' id='word_1_147' title='bbox 939 1900 1129 1966; x_wconf 83' lang='lat' dir='ltr'>Homericae</span> <span class='ocrx_word' id='word_1_148' title='bbox 1144 1919 1219 1964; x_wconf 91' lang='lat' dir='ltr'>oum</span> <span class='ocrx_word' id='word_1_149' title='bbox 1233 1908 1440 1984; x_wconf 90' lang='lat' dir='ltr'>posteronun</span> <span class='ocrx_word' id='word_1_150' title='bbox 1454 1899 1604 1966; x_wconf 88' lang='lat' dir='ltr'>Ithacae</span> <span class='ocrx_word' id='word_1_151' title='bbox 1617 1919 1707 1968; x_wconf 82' lang='lat' dir='ltr'>nova</span> 
     </span>
     <span class='ocr_line' id='line_1_19' title="bbox 438 1979 1705 2086; baseline 0.009 -43"><span class='ocrx_word' id='word_1_152' title='bbox 438 1979 579 2046; x_wconf 87' lang='lat' dir='ltr'>lectione</span> <span class='ocrx_word' id='word_1_153' title='bbox 598 1983 722 2049; x_wconf 84' lang='lat' dir='ltr'>Jacobi</span> <span class='ocrx_word' id='word_1_154' title='bbox 746 1987 883 2069; x_wconf 81' lang='lat' dir='ltr'>Bryant,</span> <span class='ocrx_word' id='word_1_155' title='bbox 905 1992 1032 2048; x_wconf 73' lang='lat' dir='ltr'>Aml’</span> <span class='ocrx_word' id='word_1_156' title='bbox 1044 2005 1105 2068; x_wconf 91' lang='lat' dir='ltr'>pro</span> <span class='ocrx_word' id='word_1_157' title='bbox 1118 1987 1172 2045; x_wconf 82' lang='lat' dir='ltr'>‘Al</span> <span class='ocrx_word' id='word_1_158' title='bbox 1184 1991 1240 2046; x_wconf 80' lang='grc' dir='ltr'>ΔΕ</span> <span class='ocrx_word' id='word_1_159' title='bbox 1257 1985 1288 2046; x_wconf 72' lang='lat' dir='ltr'>l*</span> <span class='ocrx_word' id='word_1_160' title='bbox 1303 1987 1339 2048; x_wconf 88' lang='lat' dir='ltr'>iu</span> <span class='ocrx_word' id='word_1_161' title='bbox 1354 1984 1420 2049; x_wconf 89' lang='lat' dir='ltr'>Od.</span> <span class='ocrx_word' id='word_1_162' title='bbox 1435 1987 1483 2050; x_wconf 81' lang='lat' dir='ltr'>ix.</span> <span class='ocrx_word' id='word_1_163' title='bbox 1497 1985 1552 2063; x_wconf 72' lang='grc'>26,</span> <span class='ocrx_word' id='word_1_164' title='bbox 1565 1985 1705 2086; x_wconf 86' lang='lat' dir='ltr'>pendet:</span> 
     </span>
     <span class='ocr_line' id='line_1_20' title="bbox 435 2067 1705 2155; baseline 0.005 -26"><span class='ocrx_word' id='word_1_165' title='bbox 435 2084 540 2148; x_wconf 87' lang='lat' dir='ltr'>quam</span> <span class='ocrx_word' id='word_1_166' title='bbox 565 2087 680 2148; x_wconf 75' lang='lat' dir='ltr'>senex,</span> <span class='ocrx_word' id='word_1_167' title='bbox 708 2071 839 2135; x_wconf 88' lang='lat' dir='ltr'>inscitia</span> <span class='ocrx_word' id='word_1_168' title='bbox 861 2072 921 2135; x_wconf 82' lang='lat' dir='ltr'>vix</span> <span class='ocrx_word' id='word_1_169' title='bbox 943 2071 1041 2135; x_wconf 91' lang='lat' dir='ltr'>tironi</span> <span class='ocrx_word' id='word_1_170' title='bbox 1069 2067 1299 2148; x_wconf 89' lang='lat' dir='ltr'>condonanda,</span> <span class='ocrx_word' id='word_1_171' title='bbox 1328 2071 1482 2154; x_wconf 89' lang='lat' dir='ltr'>protulit;</span> <span class='ocrx_word' id='word_1_172' title='bbox 1503 2077 1537 2136; x_wconf 90' lang='lat' dir='ltr'>et</span> <span class='ocrx_word' id='word_1_173' title='bbox 1560 2072 1705 2155; x_wconf 83' lang='lat' dir='ltr'>Juvcnis,</span> 
     </span>
     <span class='ocr_line' id='line_1_21' title="bbox 438 2153 1708 2239; baseline 0.006 -24"><span class='ocrx_word' id='word_1_174' title='bbox 438 2153 634 2217; x_wconf 79' lang='lat' dir='ltr'>uerecundia</span> <span class='ocrx_word' id='word_1_175' title='bbox 662 2156 761 2218; x_wconf 88' lang='lat' dir='ltr'>etiam</span> <span class='ocrx_word' id='word_1_176' title='bbox 789 2157 825 2218; x_wconf 93' lang='lat' dir='ltr'>in</span> <span class='ocrx_word' id='word_1_177' title='bbox 851 2175 954 2238; x_wconf 89' lang='lat' dir='ltr'>puero</span> <span class='ocrx_word' id='word_1_178' title='bbox 976 2156 1088 2232; x_wconf 87' lang='lat' dir='ltr'>nirnia,</span> <span class='ocrx_word' id='word_1_179' title='bbox 1112 2154 1285 2239; x_wconf 81' lang='lat' dir='ltr'>amplexus</span> <span class='ocrx_word' id='word_1_180' title='bbox 1310 2161 1378 2218; x_wconf 87' lang='lat' dir='ltr'>est:</span> <span class='ocrx_word' id='word_1_181' title='bbox 1401 2155 1557 2237; x_wconf 90' lang='lat' dir='ltr'>quoniam</span> <span class='ocrx_word' id='word_1_182' title='bbox 1580 2161 1708 2222; x_wconf 70' lang='lat' dir='ltr'>Am?</span> 
     </span>
     <span class='ocr_line' id='line_1_22' title="bbox 437 2236 1705 2324; baseline 0.004 -25"><span class='ocrx_word' id='word_1_183' title='bbox 437 2238 620 2318; x_wconf 86' lang='lat' dir='ltr'>pronomini</span> <span class='ocrx_word' id='word_1_184' title='bbox 632 2239 821 2323; x_wconf 89' lang='lat' dir='ltr'>emphatico</span> <span class='ocrx_word' id='word_1_185' title='bbox 834 2247 943 2304; x_wconf 76' lang='lat' dir='ltr'>mil</span> <span class='ocrx_word' id='word_1_186' title='bbox 955 2241 1005 2306; x_wconf 91' lang='lat' dir='ltr'>sio</span> <span class='ocrx_word' id='word_1_187' title='bbox 1019 2236 1193 2312; x_wconf 71' lang='grc' dir='ltr'><em>ἀπιθπῐκως</em></span> <span class='ocrx_word' id='word_1_188' title='bbox 1215 2239 1421 2324; x_wconf 89' lang='lat' dir='ltr'>subjunctum</span> <span class='ocrx_word' id='word_1_189' title='bbox 1435 2236 1476 2302; x_wconf 91' lang='lat' dir='ltr'>de</span> <span class='ocrx_word' id='word_1_190' title='bbox 1492 2257 1560 2302; x_wconf 90' lang='lat' dir='ltr'>una</span> <span class='ocrx_word' id='word_1_191' title='bbox 1573 2239 1705 2304; x_wconf 75' lang='lat' dir='ltr'>eadem</span> 
     </span>
     <span class='ocr_line' id='line_1_23' title="bbox 438 2321 1705 2408; baseline 0.007 -25"><span class='ocrx_word' id='word_1_192' title='bbox 438 2337 504 2401; x_wconf 84' lang='lat' dir='ltr'>quo</span> <span class='ocrx_word' id='word_1_193' title='bbox 525 2341 560 2383; x_wconf 90' lang='lat' dir='ltr'>re</span> <span class='ocrx_word' id='word_1_194' title='bbox 581 2322 672 2386; x_wconf 89' lang='lat' dir='ltr'>nulla</span> <span class='ocrx_word' id='word_1_195' title='bbox 698 2345 842 2408; x_wconf 89' lang='lat' dir='ltr'>unquam</span> <span class='ocrx_word' id='word_1_196' title='bbox 868 2326 923 2391; x_wconf 85' lang='lat' dir='ltr'>vel</span> <span class='ocrx_word' id='word_1_197' title='bbox 949 2327 1036 2392; x_wconf 87' lang='lat' dir='ltr'>ratio</span> <span class='ocrx_word' id='word_1_198' title='bbox 1064 2326 1119 2392; x_wconf 83' lang='lat' dir='ltr'>vel</span> <span class='ocrx_word' id='word_1_199' title='bbox 1146 2323 1346 2390; x_wconf 88' lang='lat' dir='ltr'>cousuetudo</span> <span class='ocrx_word' id='word_1_200' title='bbox 1373 2321 1529 2404; x_wconf 92' lang='lat' dir='ltr'>loquendi</span> <span class='ocrx_word' id='word_1_201' title='bbox 1558 2326 1705 2406; x_wconf 77' lang='lat' dir='ltr'>agnovit</span> 
     </span>
     <span class='ocr_line' id='line_1_24' title="bbox 439 2403 1706 2495; baseline 0.006 -27"><span class='ocrx_word' id='word_1_202' title='bbox 439 2403 522 2469; x_wconf 87' lang='lat' dir='ltr'>Non</span> <span class='ocrx_word' id='word_1_203' title='bbox 534 2406 635 2470; x_wconf 89' lang='lat' dir='ltr'>uliam</span> <span class='ocrx_word' id='word_1_204' title='bbox 649 2409 692 2473; x_wconf 93' lang='lat' dir='ltr'>ob</span> <span class='ocrx_word' id='word_1_205' title='bbox 706 2419 844 2475; x_wconf 85' lang='lat' dir='ltr'>causam</span> <span class='ocrx_word' id='word_1_206' title='bbox 856 2411 992 2475; x_wconf 85' lang='lat' dir='ltr'>forsitan</span> <span class='ocrx_word' id='word_1_207' title='bbox 1012 2418 1115 2495; x_wconf 87' lang='lat' dir='ltr'>poeta</span> <span class='ocrx_word' id='word_1_208' title='bbox 1134 2409 1285 2474; x_wconf 84' lang='lat' dir='ltr'>Ithacam</span> <span class='ocrx_word' id='word_1_209' title='bbox 1298 2412 1332 2471; x_wconf 90' lang='lat' dir='ltr'>et</span> <span class='ocrx_word' id='word_1_210' title='bbox 1345 2426 1397 2472; x_wconf 90' lang='lat' dir='ltr'>res</span> <span class='ocrx_word' id='word_1_211' title='bbox 1420 2407 1554 2491; x_wconf 89' lang='lat' dir='ltr'>Ulyssis</span> <span class='ocrx_word' id='word_1_212' title='bbox 1574 2412 1706 2476; x_wconf 84' lang='lat' dir='ltr'>caeteris</span> 
     </span>
    </p>
   </div>
   <div class='ocr_carea' id='block_1_3' title="bbox 305 2488 1705 2580">
    <p class='ocr_par' dir='ltr' id='par_1_4' title="bbox 305 2488 1705 2580">
     <span class='ocr_line' id='line_1_25' title="bbox 305 2488 1705 2580; baseline 0.005 -26"><span class='ocrx_word' id='word_1_213' title='bbox 305 2509 312 2518; x_wconf 87' lang='lat'><strong>·</strong></span> <span class='ocrx_word' id='word_1_214' title='bbox 438 2488 635 2556; x_wconf 76' lang='lat' dir='ltr'>Graecorum</span> <span class='ocrx_word' id='word_1_215' title='bbox 664 2513 686 2557; x_wconf 89' lang='lat' dir='ltr'>a</span> <span class='ocrx_word' id='word_1_216' title='bbox 708 2493 814 2580; x_wconf 62' lang='lat' dir='ltr'>{boja</span> <span class='ocrx_word' id='word_1_217' title='bbox 835 2497 1037 2562; x_wconf 89' lang='lat' dir='ltr'>redeuntium</span> <span class='ocrx_word' id='word_1_218' title='bbox 1057 2497 1229 2560; x_wconf 79' lang='lat' dir='ltr'>materiam</span> <span class='ocrx_word' id='word_1_219' title='bbox 1250 2493 1404 2558; x_wconf 89' lang='lat' dir='ltr'>carminis</span> <span class='ocrx_word' id='word_1_220' title='bbox 1424 2493 1581 2576; x_wconf 84' lang='lat' dir='ltr'>praebrlit,</span> <span class='ocrx_word' id='word_1_221' title='bbox 1604 2514 1705 2577; x_wconf 87' lang='lat' dir='ltr'>quarn</span> 
     </span>
    </p>
   </div>
   <div class='ocr_carea' id='block_1_4' title="bbox 428 2576 1797 4875">
    <p class='ocr_par' dir='ltr' id='par_1_5' title="bbox 428 2576 1797 4875">
     <span class='ocr_line' id='line_1_26' title="bbox 438 2576 1703 2665; baseline 0.003 -27"><span class='ocrx_word' id='word_1_222' title='bbox 438 2576 541 2657; x_wconf 90' lang='lat' dir='ltr'>quod,</span> <span class='ocrx_word' id='word_1_223' title='bbox 552 2578 760 2644; x_wconf 84' lang='lat' dir='ltr'>audientibus</span> <span class='ocrx_word' id='word_1_224' title='bbox 773 2582 882 2646; x_wconf 87' lang='lat' dir='ltr'>minus</span> <span class='ocrx_word' id='word_1_225' title='bbox 894 2589 998 2659; x_wconf 82' lang='lat' dir='ltr'>notae,</span> <span class='ocrx_word' id='word_1_226' title='bbox 1012 2581 1170 2665; x_wconf 89' lang='lat' dir='ltr'>majorem</span> <span class='ocrx_word' id='word_1_227' title='bbox 1179 2579 1321 2660; x_wconf 86' lang='lat' dir='ltr'>fingendi</span> <span class='ocrx_word' id='word_1_228' title='bbox 1329 2579 1494 2643; x_wconf 86' lang='lat' dir='ltr'>licentiam</span> <span class='ocrx_word' id='word_1_229' title='bbox 1503 2579 1703 2661; x_wconf 78' lang='lat' dir='ltr'>praeberent:</span> 
     </span>
     <span class='ocr_line' id='line_1_27' title="bbox 435 2660 1705 2751; baseline 0.004 -26"><span class='ocrx_word' id='word_1_230' title='bbox 435 2660 544 2725; x_wconf 82' lang='lat' dir='ltr'>insula</span> <span class='ocrx_word' id='word_1_231' title='bbox 566 2664 654 2728; x_wconf 91' lang='lat' dir='ltr'>euim</span> <span class='ocrx_word' id='word_1_232' title='bbox 675 2666 825 2748; x_wconf 74' lang='lat' dir='ltr'>paranda,</span> <span class='ocrx_word' id='word_1_233' title='bbox 847 2667 1067 2751; x_wconf 88' lang='lat' dir='ltr'>pauperrima,</span> <span class='ocrx_word' id='word_1_234' title='bbox 1096 2669 1129 2729; x_wconf 89' lang='lat' dir='ltr'>et</span> <span class='ocrx_word' id='word_1_235' title='bbox 1150 2664 1372 2730; x_wconf 87' lang='lat' dir='ltr'>remotissima</span> <span class='ocrx_word' id='word_1_236' title='bbox 1398 2662 1508 2728; x_wconf 86' lang='lat' dir='ltr'>nullas</span> <span class='ocrx_word' id='word_1_237' title='bbox 1531 2663 1705 2730; x_wconf 86' lang='lat' dir='ltr'>illecebras</span> 
     </span>
     <span class='ocr_line' id='line_1_28' title="bbox 435 2743 1704 2900; baseline 0.005 -90"><span class='ocrx_word' id='word_1_238' title='bbox 435 2743 593 2894; x_wconf 45' lang='lat' dir='ltr'>{albebat</span> <span class='ocrx_word' id='word_1_239' title='bbox 630 2749 769 2898; x_wconf 50' lang='lat' dir='ltr'>quibu?1¹</span> <span class='ocrx_word' id='word_1_240' title='bbox 779 2753 1064 2900; x_wconf 55' lang='lat' dir='ltr'>mmgnffimrem,</span> <span class='ocrx_word' id='word_1_241' title='bbox 1100 2755 1326 2826; x_wconf 85' lang='lat' dir='ltr'>mercatorem,</span> <span class='ocrx_word' id='word_1_242' title='bbox 1354 2748 1408 2814; x_wconf 83' lang='lat' dir='ltr'>vel</span> <span class='ocrx_word' id='word_1_243' title='bbox 1435 2750 1535 2814; x_wconf 88' lang='lat' dir='ltr'>etiam</span> <span class='ocrx_word' id='word_1_244' title='bbox 1563 2749 1704 2832; x_wconf 77' lang='lat' dir='ltr'>piratam</span> 
     </span>
     <span class='ocr_line' id='line_1_29' title="bbox 489 2831 1797 2901; baseline 0.007 -6"><span class='ocrx_word' id='word_1_245' title='bbox 489 2831 627 2896; x_wconf 88' lang='lat' dir='ltr'>iaticum</span> <span class='ocrx_word' id='word_1_246' title='bbox 639 2835 734 2898; x_wconf 82' lang='lat' dir='ltr'>visen</span> <span class='ocrx_word' id='word_1_247' title='bbox 760 2836 893 2901; x_wconf 90' lang='lat' dir='ltr'>&#39;studio</span> <span class='ocrx_word' id='word_1_248' title='bbox 951 2840 1086 2901; x_wconf 86' lang='lat' dir='ltr'>ectarct.</span> <span class='ocrx_word' id='word_1_249' title='bbox 1795 2865 1797 2870; x_wconf 63' lang='grc'>’</span> 
     </span>
     <span class='ocr_line' id='line_1_30' title="bbox 481 2915 1703 3041; baseline 0.002 -62"><span class='ocrx_word' id='word_1_250' title='bbox 481 2934 515 2980; x_wconf 81' lang='lat' dir='ltr'>u.</span> <span class='ocrx_word' id='word_1_251' title='bbox 539 2916 727 3020; x_wconf 77' lang='lat' dir='ltr'>odysseam</span> <span class='ocrx_word' id='word_1_252' title='bbox 741 2919 955 2986; x_wconf 85' lang='lat' dir='ltr'>Homericam</span> <span class='ocrx_word' id='word_1_253' title='bbox 968 2923 1004 2985; x_wconf 90' lang='lat' dir='ltr'>in</span> <span class='ocrx_word' id='word_1_254' title='bbox 1025 2921 1099 2986; x_wconf 90' lang='lat' dir='ltr'>libri</span> <span class='ocrx_word' id='word_1_255' title='bbox 1116 2935 1233 3021; x_wconf 73' lang='lat' dir='ltr'>xxrrr.</span> <span class='ocrx_word' id='word_1_256' title='bbox 1248 2937 1299 2982; x_wconf 89' lang='lat' dir='ltr'>vs.</span> <span class='ocrx_word' id='word_1_257' title='bbox 1322 2917 1399 2997; x_wconf 78' lang='lat'>296,</span> <span class='ocrx_word' id='word_1_258' title='bbox 1419 2917 1521 3018; x_wconf 75' lang='lat' dir='ltr'>mem</span> <span class='ocrx_word' id='word_1_259' title='bbox 1532 2915 1703 3041; x_wconf 57' lang='lat' dir='ltr'>habuisse²</span> 
     </span>
     <span class='ocr_line' id='line_1_31' title="bbox 434 3000 1772 3188; baseline 0.004 -39"><span class='ocrx_word' id='word_1_260' title='bbox 434 3000 1704 3188; x_wconf 48' lang='lat' dir='ltr'>tfflmhtrttldbtdlttbtntfflmdhtbnllnba</span> <span class='ocrx_word' id='word_1_261' title='bbox 1765 3174 1772 3181; x_wconf 42' lang='grc'>,</span> 
     </span>
     <span class='ocr_line' id='line_1_32' title="bbox 435 3172 1703 3322; baseline 0.004 -88"><span class='ocrx_word' id='word_1_262' title='bbox 435 3174 505 3234; x_wconf 86' lang='lat' dir='ltr'>tam</span> <span class='ocrx_word' id='word_1_263' title='bbox 526 3174 641 3271; x_wconf 40' lang='lat' dir='ltr'>multa·</span> <span class='ocrx_word' id='word_1_264' title='bbox 653 3175 929 3322; x_wconf 50' lang='lat' dir='ltr'>subserpzrentibus</span> <span class='ocrx_word' id='word_1_265' title='bbox 950 3176 1062 3242; x_wconf 79' lang='lat' dir='ltr'>iusrmt</span> <span class='ocrx_word' id='word_1_266' title='bbox 1083 3195 1105 3239; x_wconf 92' lang='lat' dir='ltr'>a</span> <span class='ocrx_word' id='word_1_267' title='bbox 1125 3174 1273 3238; x_wconf 88' lang='lat' dir='ltr'>moribus</span> <span class='ocrx_word' id='word_1_268' title='bbox 1295 3192 1336 3235; x_wconf 89' lang='lat' dir='ltr'>ac</span> <span class='ocrx_word' id='word_1_269' title='bbox 1360 3190 1506 3237; x_wconf 78' lang='lat' dir='ltr'>samone</span> <span class='ocrx_word' id='word_1_270' title='bbox 1524 3172 1615 3236; x_wconf 88' lang='lat' dir='ltr'>rllrus</span> <span class='ocrx_word' id='word_1_271' title='bbox 1637 3176 1703 3247; x_wconf 84' lang='lat' dir='ltr'>aevi</span> 
     </span>
     <span class='ocr_line' id='line_1_33' title="bbox 435 3255 1703 3357; baseline 0.004 -39"><span class='ocrx_word' id='word_1_272' title='bbox 435 3274 573 3338; x_wconf 88' lang='lat' dir='ltr'>prorsus</span> <span class='ocrx_word' id='word_1_273' title='bbox 597 3258 718 3322; x_wconf 80' lang='lat' dir='ltr'>abana.</span> <span class='ocrx_word' id='word_1_274' title='bbox 810 3258 960 3342; x_wconf 76' lang='lat' dir='ltr'>Tiresiae.</span> <span class='ocrx_word' id='word_1_275' title='bbox 975 3260 1141 3325; x_wconf 84' lang='lat' dir='ltr'>vaticiniis</span> <span class='ocrx_word' id='word_1_276' title='bbox 1167 3276 1297 3343; x_wconf 91' lang='lat' dir='ltr'>quoque</span> <span class='ocrx_word' id='word_1_277' title='bbox 1321 3262 1453 3356; x_wconf 78' lang='lat' dir='ltr'>constat</span> <span class='ocrx_word' id='word_1_278' title='bbox 1468 3255 1641 3357; x_wconf 34' lang='lat' dir='ltr'>&#39;Ulyssem‘</span> <span class='ocrx_word' id='word_1_279' title='bbox 1658 3260 1703 3323; x_wconf 90' lang='lat' dir='ltr'>ob</span> 
     </span>
     <span class='ocr_line' id='line_1_34' title="bbox 432 3340 1703 3509; baseline 0.005 -21"><span class='ocrx_word' id='word_1_280' title='bbox 432 3358 609 3488; x_wconf 59' lang='lat' dir='ltr'>anab</span> <span class='ocrx_word' id='word_1_281' title='bbox 662 3429 976 3493; x_wconf 53' lang='lat' dir='ltr'>a„</span> <span class='ocrx_word' id='word_1_282' title='bbox 998 3350 1106 3410; x_wconf 55' lang='lat' dir='ltr'>nn</span> <span class='ocrx_word' id='word_1_283' title='bbox 1130 3340 1703 3509; x_wconf 51' lang='lat' dir='ltr'>”nmen</span> 
     </span>
     <span class='ocr_line' id='line_1_35' title="bbox 460 3443 1703 3495; baseline 0.006 -7"><span class='ocrx_word' id='word_1_284' title='bbox 460 3443 515 3489; x_wconf 93' lang='lat' dir='ltr'>om</span> <span class='ocrx_word' id='word_1_285' title='bbox 537 3445 578 3489; x_wconf 88' lang='lat' dir='ltr'>us</span> <span class='ocrx_word' id='word_1_286' title='bbox 696 3448 718 3492; x_wconf 86' lang='lat' dir='ltr'>a</span> <span class='ocrx_word' id='word_1_287' title='bbox 760 3449 794 3492; x_wconf 90' lang='lat' dir='ltr'>ru</span> <span class='ocrx_word' id='word_1_288' title='bbox 831 3448 871 3493; x_wconf 87' lang='lat' dir='ltr'>ac</span> <span class='ocrx_word' id='word_1_289' title='bbox 997 3448 1134 3495; x_wconf 89' lang='lat' dir='ltr'>errasse.</span> <span class='ocrx_word' id='word_1_290' title='bbox 1210 3448 1231 3492; x_wconf 87' lang='lat' dir='ltr'>a</span> <span class='ocrx_word' id='word_1_291' title='bbox 1686 3463 1703 3477; x_wconf 92' lang='lat'>·</span> 
     </span>
     <span class='ocr_line' id='line_1_36' title="bbox 433 3446 1703 3598; baseline 0.003 -25"><span class='ocrx_word' id='word_1_292' title='bbox 433 3508 579 3575; x_wconf 90' lang='lat' dir='ltr'>tionibus</span> <span class='ocrx_word' id='word_1_293' title='bbox 587 3446 690 3594; x_wconf 50' lang='lat' dir='ltr'>yma</span> <span class='ocrx_word' id='word_1_294' title='bbox 697 3450 884 3597; x_wconf 56' lang='lat' dir='ltr'>accepejrat,</span> <span class='ocrx_word' id='word_1_295' title='bbox 892 3534 1007 3580; x_wconf 84' lang='lat' dir='ltr'>ornare</span> <span class='ocrx_word' id='word_1_296' title='bbox 1015 3521 1048 3579; x_wconf 87' lang='lat' dir='ltr'>ct</span> <span class='ocrx_word' id='word_1_297' title='bbox 1057 3533 1175 3598; x_wconf 88' lang='lat' dir='ltr'>augere</span> <span class='ocrx_word' id='word_1_298' title='bbox 1184 3510 1349 3596; x_wconf 90' lang='lat' dir='ltr'>speciosis</span> <span class='ocrx_word' id='word_1_299' title='bbox 1358 3512 1527 3575; x_wconf 87' lang='lat' dir='ltr'>miraculis</span> <span class='ocrx_word' id='word_1_300' title='bbox 1537 3510 1703 3591; x_wconf 84' lang='lat' dir='ltr'>studebat,</span> 
     </span>
     <span class='ocr_line' id='line_1_37' title="bbox 433 3595 1701 3695; baseline 0.004 -39"><span class='ocrx_word' id='word_1_301' title='bbox 433 3599 560 3657; x_wconf 88' lang='lat' dir='ltr'>mutare</span> <span class='ocrx_word' id='word_1_302' title='bbox 573 3615 640 3659; x_wconf 90' lang='lat' dir='ltr'>non</span> <span class='ocrx_word' id='word_1_303' title='bbox 654 3597 817 3680; x_wconf 81' lang='lat' dir='ltr'>audebat3</span> <span class='ocrx_word' id='word_1_304' title='bbox 839 3604 940 3682; x_wconf 88' lang='lat' dir='ltr'>atque</span> <span class='ocrx_word' id='word_1_305' title='bbox 953 3620 996 3663; x_wconf 84' lang='lat' dir='ltr'>ea</span> <span class='ocrx_word' id='word_1_306' title='bbox 1007 3597 1091 3663; x_wconf 92' lang='lat' dir='ltr'>nihil</span> <span class='ocrx_word' id='word_1_307' title='bbox 1102 3598 1245 3683; x_wconf 91' lang='lat' dir='ltr'>amplius</span> <span class='ocrx_word' id='word_1_308' title='bbox 1259 3595 1411 3662; x_wconf 78' lang='lat' dir='ltr'>domuisse</span> <span class='ocrx_word' id='word_1_309' title='bbox 1424 3595 1586 3695; x_wconf 63' lang='lat' dir='ltr'>videmur,</span> <span class='ocrx_word' id='word_1_310' title='bbox 1602 3614 1701 3678; x_wconf 85' lang='lat' dir='ltr'>quam</span> 
     </span>
     <span class='ocr_line' id='line_1_38' title="bbox 434 3676 1700 3781; baseline 0.003 -38"><span class='ocrx_word' id='word_1_311' title='bbox 434 3676 600 3762; x_wconf 88' lang='lat' dir='ltr'>Ulyssem,</span> <span class='ocrx_word' id='word_1_312' title='bbox 621 3700 644 3743; x_wconf 90' lang='lat' dir='ltr'>a</span> <span class='ocrx_word' id='word_1_313' title='bbox 655 3680 759 3766; x_wconf 84' lang='lat' dir='ltr'>Troja</span> <span class='ocrx_word' id='word_1_314' title='bbox 771 3685 806 3747; x_wconf 91' lang='lat' dir='ltr'>in</span> <span class='ocrx_word' id='word_1_315' title='bbox 820 3686 963 3767; x_wconf 84' lang='lat' dir='ltr'>patriam</span> <span class='ocrx_word' id='word_1_316' title='bbox 974 3684 1172 3761; x_wconf 87' lang='lat' dir='ltr'>redeuutem,</span> <span class='ocrx_word' id='word_1_317' title='bbox 1186 3684 1243 3747; x_wconf 88' lang='lat' dir='ltr'>via</span> <span class='ocrx_word' id='word_1_318' title='bbox 1256 3684 1435 3759; x_wconf 89' lang='lat' dir='ltr'>aberrasse,</span> <span class='ocrx_word' id='word_1_319' title='bbox 1454 3687 1489 3745; x_wconf 90' lang='lat' dir='ltr'>et</span> <span class='ocrx_word' id='word_1_320' title='bbox 1501 3686 1584 3745; x_wconf 85' lang='lat' dir='ltr'>mter</span> <span class='ocrx_word' id='word_1_321' title='bbox 1597 3686 1700 3781; x_wconf 67' lang='lat' dir='ltr'>terras</span> 
     </span>
     <span class='ocr_line' id='line_1_39' title="bbox 432 3761 1701 3865; baseline 0.002 -39"><span class='ocrx_word' id='word_1_322' title='bbox 432 3761 631 3855; x_wconf 83' lang='lat' dir='ltr'>longinquas</span> <span class='ocrx_word' id='word_1_323' title='bbox 653 3773 686 3831; x_wconf 90' lang='lat' dir='ltr'>et</span> <span class='ocrx_word' id='word_1_324' title='bbox 710 3768 837 3851; x_wconf 83' lang='lat' dir='ltr'>ignotas</span> <span class='ocrx_word' id='word_1_325' title='bbox 858 3769 1067 3852; x_wconf 74' lang='lat' dir='ltr'>naufiagium</span> <span class='ocrx_word' id='word_1_326' title='bbox 1090 3768 1222 3844; x_wconf 82' lang='lat' dir='ltr'>fecisse,</span> <span class='ocrx_word' id='word_1_327' title='bbox 1248 3772 1281 3831; x_wconf 91' lang='lat' dir='ltr'>ct</span> <span class='ocrx_word' id='word_1_328' title='bbox 1305 3766 1542 3865; x_wconf 71' lang='lat' dir='ltr'>diulatuisse3</span> <span class='ocrx_word' id='word_1_329' title='bbox 1572 3764 1701 3865; x_wconf 84' lang='lat' dir='ltr'>deormo</span> 
     </span>
     <span class='ocr_line' id='line_1_40' title="bbox 432 3851 1638 3955; baseline 0.004 -45"><span class='ocrx_word' id='word_1_330' title='bbox 432 3853 544 3948; x_wconf 80' lang='lat' dir='ltr'>autem</span> <span class='ocrx_word' id='word_1_331' title='bbox 563 3868 651 3951; x_wconf 80' lang='lat' dir='ltr'>anno</span> <span class='ocrx_word' id='word_1_332' title='bbox 676 3854 782 3953; x_wconf 82' lang='lat' dir='ltr'>solum</span> <span class='ocrx_word' id='word_1_333' title='bbox 807 3854 870 3917; x_wconf 91' lang='lat' dir='ltr'>snb</span> <span class='ocrx_word' id='word_1_334' title='bbox 897 3854 1006 3955; x_wconf 76' lang='lat' dir='ltr'>aliena</span> <span class='ocrx_word' id='word_1_335' title='bbox 1023 3873 1170 3954; x_wconf 89' lang='lat' dir='ltr'>persona</span> <span class='ocrx_word' id='word_1_336' title='bbox 1193 3853 1279 3916; x_wconf 90' lang='lat' dir='ltr'>clam</span> <span class='ocrx_word' id='word_1_337' title='bbox 1301 3851 1451 3951; x_wconf 77' lang='lat' dir='ltr'>redimes,</span> <span class='ocrx_word' id='word_1_338' title='bbox 1476 3856 1509 3915; x_wconf 92' lang='lat' dir='ltr'>et</span> <span class='ocrx_word' id='word_1_339' title='bbox 1532 3852 1638 3935; x_wconf 87' lang='lat' dir='ltr'>pnnoi</span> 
     </span>
     <span class='ocr_line' id='line_1_41' title="bbox 433 3932 1700 4037; baseline 0.001 -39"><span class='ocrx_word' id='word_1_340' title='bbox 433 3932 678 4033; x_wconf 65' lang='lat' dir='ltr'>aliquotam,</span> <span class='ocrx_word' id='word_1_341' title='bbox 702 3956 758 4020; x_wconf 91' lang='lat' dir='ltr'>qur</span> <span class='ocrx_word' id='word_1_342' title='bbox 773 3956 912 4001; x_wconf 84' lang='lat' dir='ltr'>uxorem</span> <span class='ocrx_word' id='word_1_343' title='bbox 926 3940 1150 4016; x_wconf 86' lang='lat' dir='ltr'>solhcrtarent,</span> <span class='ocrx_word' id='word_1_344' title='bbox 1176 3943 1211 4002; x_wconf 89' lang='lat' dir='ltr'>et</span> <span class='ocrx_word' id='word_1_345' title='bbox 1223 3937 1371 4037; x_wconf 66' lang='lat' dir='ltr'>hospitio</span> <span class='ocrx_word' id='word_1_346' title='bbox 1384 3936 1600 4037; x_wconf 72' lang='lat' dir='ltr'>abuterentur,</span> <span class='ocrx_word' id='word_1_347' title='bbox 1646 3936 1700 4000; x_wconf 93' lang='lat' dir='ltr'>olo</span> 
     </span>
     <span class='ocr_line' id='line_1_42' title="bbox 431 4020 1753 4119; baseline 0 -38"><span class='ocrx_word' id='word_1_348' title='bbox 431 4020 656 4116; x_wconf 75' lang='lat' dir='ltr'>mterlecrss03</span> <span class='ocrx_word' id='word_1_349' title='bbox 680 4040 702 4084; x_wconf 89' lang='lat' dir='ltr'>a</span> <span class='ocrx_word' id='word_1_350' title='bbox 721 4042 859 4106; x_wconf 88' lang='lat' dir='ltr'>quornm</span> <span class='ocrx_word' id='word_1_351' title='bbox 880 4025 1073 4107; x_wconf 86' lang='lat' dir='ltr'>parentibus</span> <span class='ocrx_word' id='word_1_352' title='bbox 1097 4029 1130 4087; x_wconf 90' lang='lat' dir='ltr'>et</span> <span class='ocrx_word' id='word_1_353' title='bbox 1152 4040 1347 4106; x_wconf 74' lang='lat' dir='ltr'>propinquus</span> <span class='ocrx_word' id='word_1_354' title='bbox 1360 4022 1388 4083; x_wconf 90' lang='lat' dir='ltr'>&#39;c</span> <span class='ocrx_word' id='word_1_355' title='bbox 1410 4024 1546 4119; x_wconf 75' lang='lat' dir='ltr'>crvrtate</span> <span class='ocrx_word' id='word_1_356' title='bbox 1560 4024 1700 4117; x_wconf 74' lang='lat' dir='ltr'>exactam</span> <span class='ocrx_word' id='word_1_357' title='bbox 1742 4068 1753 4081; x_wconf 95' lang='lat'><em>.</em></span> 
     </span>
     <span class='ocr_line' id='line_1_43' title="bbox 431 4102 1699 4208; baseline 0.002 -43"><span class='ocrx_word' id='word_1_358' title='bbox 431 4106 486 4166; x_wconf 86' lang='lat' dir='ltr'>srt.</span> <span class='ocrx_word' id='word_1_359' title='bbox 532 4102 664 4169; x_wconf 88' lang='lat' dir='ltr'>Homm</span> <span class='ocrx_word' id='word_1_360' title='bbox 676 4127 856 4185; x_wconf 89' lang='lat' dir='ltr'>numemm,</span> <span class='ocrx_word' id='word_1_361' title='bbox 879 4113 918 4208; x_wconf 74' lang='lat' dir='ltr'>ut</span> <span class='ocrx_word' id='word_1_362' title='bbox 930 4109 1015 4207; x_wconf 31' lang='lat' dir='ltr'>‘ejus</span> <span class='ocrx_word' id='word_1_363' title='bbox 1039 4106 1378 4207; x_wconf 28' lang='lat' dir='ltr'>gloriaeuconsuleret,</span> <span class='ocrx_word' id='word_1_364' title='bbox 1390 4110 1489 4187; x_wconf 84' lang='lat' dir='ltr'>poeta</span> <span class='ocrx_word' id='word_1_365' title='bbox 1509 4102 1699 4201; x_wconf 71' lang='lat' dir='ltr'>modice,</span> 
     </span>
     <span class='ocr_line' id='line_1_44' title="bbox 430 4187 1699 4276; baseline 0.001 -25"><span class='ocrx_word' id='word_1_366' title='bbox 430 4206 532 4272; x_wconf 89' lang='lat' dir='ltr'>supra</span> <span class='ocrx_word' id='word_1_367' title='bbox 545 4209 676 4254; x_wconf 90' lang='lat' dir='ltr'>omnem</span> <span class='ocrx_word' id='word_1_368' title='bbox 689 4190 787 4256; x_wconf 88' lang='lat' dir='ltr'>fidem</span> <span class='ocrx_word' id='word_1_369' title='bbox 800 4199 834 4257; x_wconf 91' lang='lat' dir='ltr'>et</span> <span class='ocrx_word' id='word_1_370' title='bbox 847 4211 1048 4276; x_wconf 86' lang='lat' dir='ltr'>opmronem,</span> <span class='ocrx_word' id='word_1_371' title='bbox 1068 4195 1240 4276; x_wconf 85' lang='lat' dir='ltr'>amphavrt</span> <span class='ocrx_word' id='word_1_372' title='bbox 1253 4195 1287 4254; x_wconf 89' lang='lat' dir='ltr'>et</span> <span class='ocrx_word' id='word_1_373' title='bbox 1300 4194 1412 4268; x_wconf 85' lang='lat' dir='ltr'>auxrt3</span> <span class='ocrx_word' id='word_1_374' title='bbox 1435 4207 1501 4273; x_wconf 93' lang='lat' dir='ltr'>quo</span> <span class='ocrx_word' id='word_1_375' title='bbox 1514 4187 1699 4271; x_wconf 76' lang='lat' dir='ltr'>praecipue,</span> 
     </span>
     <span class='ocr_line' id='line_1_45' title="bbox 429 4271 1699 4362; baseline 0.002 -27"><span class='ocrx_word' id='word_1_376' title='bbox 429 4278 465 4336; x_wconf 89' lang='lat' dir='ltr'>et</span> <span class='ocrx_word' id='word_1_377' title='bbox 477 4272 511 4336; x_wconf 92' lang='lat' dir='ltr'>iu</span> <span class='ocrx_word' id='word_1_378' title='bbox 524 4272 626 4340; x_wconf 80' lang='lat' dir='ltr'>foedis</span> <span class='ocrx_word' id='word_1_379' title='bbox 639 4278 712 4340; x_wconf 91' lang='lat' dir='ltr'>istis</span> <span class='ocrx_word' id='word_1_380' title='bbox 726 4282 760 4341; x_wconf 91' lang='lat' dir='ltr'>et</span> <span class='ocrx_word' id='word_1_381' title='bbox 772 4278 971 4343; x_wconf 89' lang='lat' dir='ltr'>immanibus</span> <span class='ocrx_word' id='word_1_382' title='bbox 985 4278 1171 4362; x_wconf 89' lang='lat' dir='ltr'>suppliciis,</span> <span class='ocrx_word' id='word_1_383' title='bbox 1187 4294 1263 4358; x_wconf 82' lang='lat' dir='ltr'>quaa</span> <span class='ocrx_word' id='word_1_384' title='bbox 1278 4271 1419 4358; x_wconf 89' lang='lat' dir='ltr'>Ulysses</span> <span class='ocrx_word' id='word_1_385' title='bbox 1433 4278 1467 4336; x_wconf 84' lang='lat' dir='ltr'>et</span> <span class='ocrx_word' id='word_1_386' title='bbox 1479 4271 1699 4338; x_wconf 84' lang='lat' dir='ltr'>Telemachus</span> 
     </span>
     <span class='ocr_line' id='line_1_46' title="bbox 430 4355 1700 4446; baseline 0.002 -26"><span class='ocrx_word' id='word_1_387' title='bbox 430 4356 473 4420; x_wconf 88' lang='lat' dir='ltr'>de</span> <span class='ocrx_word' id='word_1_388' title='bbox 488 4362 641 4442; x_wconf 90' lang='lat' dir='ltr'>caprario</span> <span class='ocrx_word' id='word_1_389' title='bbox 655 4368 690 4426; x_wconf 88' lang='lat' dir='ltr'>et</span> <span class='ocrx_word' id='word_1_390' title='bbox 702 4364 830 4444; x_wconf 88' lang='lat' dir='ltr'>miseris</span> <span class='ocrx_word' id='word_1_391' title='bbox 845 4363 973 4446; x_wconf 85' lang='lat' dir='ltr'>aliquot</span> <span class='ocrx_word' id='word_1_392' title='bbox 990 4362 1192 4427; x_wconf 89' lang='lat' dir='ltr'>mulierculis</span> <span class='ocrx_word' id='word_1_393' title='bbox 1214 4364 1357 4435; x_wconf 88' lang='lat' dir='ltr'>sumunt,</span> <span class='ocrx_word' id='word_1_394' title='bbox 1380 4358 1541 4441; x_wconf 87' lang='lat' dir='ltr'>judicium</span> <span class='ocrx_word' id='word_1_395' title='bbox 1553 4355 1700 4423; x_wconf 85' lang='lat' dir='ltr'>limatius</span> 
     </span>
     <span class='ocr_line' id='line_1_47' title="bbox 430 4442 1698 4536; baseline 0.002 -32"><span class='ocrx_word' id='word_1_396' title='bbox 430 4459 472 4505; x_wconf 91' lang='lat' dir='ltr'>ac</span> <span class='ocrx_word' id='word_1_397' title='bbox 486 4442 654 4511; x_wconf 90' lang='lat' dir='ltr'>liberalius</span> <span class='ocrx_word' id='word_1_398' title='bbox 669 4447 926 4511; x_wconf 86' lang='lat' dir='ltr'>desiderandum</span> <span class='ocrx_word' id='word_1_399' title='bbox 939 4448 1015 4512; x_wconf 83' lang='lat' dir='ltr'>est.³</span> <span class='ocrx_word' id='word_1_400' title='bbox 1060 4447 1238 4511; x_wconf 85' lang='lat' dir='ltr'>Bellatores</span> <span class='ocrx_word' id='word_1_401' title='bbox 1253 4462 1345 4536; x_wconf 85' lang='lat' dir='ltr'>suos,</span> <span class='ocrx_word' id='word_1_402' title='bbox 1370 4447 1511 4519; x_wconf 88' lang='lat' dir='ltr'>atroces,</span> <span class='ocrx_word' id='word_1_403' title='bbox 1527 4458 1650 4521; x_wconf 87' lang='lat' dir='ltr'>saevos,</span> <span class='ocrx_word' id='word_1_404' title='bbox 1664 4448 1698 4507; x_wconf 87' lang='lat' dir='ltr'>et</span> 
     </span>
     <span class='ocr_line' id='line_1_48' title="bbox 429 4522 1696 4613; baseline 0.002 -24"><span class='ocrx_word' id='word_1_405' title='bbox 429 4522 556 4591; x_wconf 79' lang='lat' dir='ltr'>feroces</span> <span class='ocrx_word' id='word_1_406' title='bbox 570 4531 719 4597; x_wconf 82' lang='lat' dir='ltr'>exhibuit</span> <span class='ocrx_word' id='word_1_407' title='bbox 733 4531 851 4597; x_wconf 88' lang='lat' dir='ltr'>Iliadis</span> <span class='ocrx_word' id='word_1_408' title='bbox 865 4538 1003 4613; x_wconf 88' lang='lat' dir='ltr'>auctor;</span> <span class='ocrx_word' id='word_1_409' title='bbox 1026 4532 1085 4594; x_wconf 89' lang='lat' dir='ltr'>sed</span> <span class='ocrx_word' id='word_1_410' title='bbox 1100 4551 1121 4595; x_wconf 88' lang='lat' dir='ltr'>a</span> <span class='ocrx_word' id='word_1_411' title='bbox 1139 4528 1262 4611; x_wconf 84' lang='lat' dir='ltr'>frigida</span> <span class='ocrx_word' id='word_1_412' title='bbox 1275 4539 1317 4591; x_wconf 84' lang='lat' dir='ltr'>ca</span> <span class='ocrx_word' id='word_1_413' title='bbox 1330 4547 1372 4591; x_wconf 89' lang='lat' dir='ltr'>ac</span> <span class='ocrx_word' id='word_1_414' title='bbox 1385 4526 1480 4592; x_wconf 85' lang='lat' dir='ltr'>tarda</span> <span class='ocrx_word' id='word_1_415' title='bbox 1494 4526 1696 4611; x_wconf 80' lang='lat' dir='ltr'>crudelitate,</span> 
     </span>
     <span class='ocr_line' id='line_1_49' title="bbox 430 4610 1698 4699; baseline 0.006 -29"><span class='ocrx_word' id='word_1_416' title='bbox 430 4627 507 4691; x_wconf 90' lang='lat' dir='ltr'>quae</span> <span class='ocrx_word' id='word_1_417' title='bbox 521 4613 633 4678; x_wconf 93' lang='lat' dir='ltr'>odium</span> <span class='ocrx_word' id='word_1_418' title='bbox 647 4617 810 4682; x_wconf 80' lang='lat' dir='ltr'>duntaxat</span> <span class='ocrx_word' id='word_1_419' title='bbox 823 4638 865 4682; x_wconf 89' lang='lat' dir='ltr'>ac</span> <span class='ocrx_word' id='word_1_420' title='bbox 877 4634 1036 4681; x_wconf 86' lang='lat' dir='ltr'>nauseam</span> <span class='ocrx_word' id='word_1_421' title='bbox 1055 4618 1174 4699; x_wconf 85' lang='lat' dir='ltr'>pariat,</span> <span class='ocrx_word' id='word_1_422' title='bbox 1194 4632 1308 4679; x_wconf 90' lang='lat' dir='ltr'>omnes</span> <span class='ocrx_word' id='word_1_423' title='bbox 1322 4612 1505 4682; x_wconf 87' lang='lat' dir='ltr'>abhorrent.</span> <span class='ocrx_word' id='word_1_424' title='bbox 1548 4610 1650 4677; x_wconf 80' lang='lat' dir='ltr'>caede</span> <span class='ocrx_word' id='word_1_425' title='bbox 1664 4616 1698 4677; x_wconf 89' lang='lat' dir='ltr'>et</span> 
     </span>
     <span class='ocr_line' id='line_1_50' title="bbox 428 4696 1696 4781; baseline 0.003 -25"><span class='ocrx_word' id='word_1_426' title='bbox 428 4696 587 4775; x_wconf 85' lang='lat' dir='ltr'>sauguine</span> <span class='ocrx_word' id='word_1_427' title='bbox 613 4698 770 4781; x_wconf 88' lang='lat' dir='ltr'>bostium,</span> <span class='ocrx_word' id='word_1_428' title='bbox 806 4721 873 4766; x_wconf 90' lang='lat' dir='ltr'>non</span> <span class='ocrx_word' id='word_1_429' title='bbox 906 4702 1110 4768; x_wconf 89' lang='lat' dir='ltr'>cruciatibus</span> <span class='ocrx_word' id='word_1_430' title='bbox 1149 4700 1356 4765; x_wconf 89' lang='lat' dir='ltr'>inimicorum</span> <span class='ocrx_word' id='word_1_431' title='bbox 1392 4699 1554 4781; x_wconf 55' lang='lat' dir='ltr'>madent:</span> <span class='ocrx_word' id='word_1_432' title='bbox 1590 4716 1696 4781; x_wconf 88' lang='lat' dir='ltr'>noque</span> 
     </span>
     <span class='ocr_line' id='line_1_51' title="bbox 429 4775 1697 4875; baseline 0.005 -34"><span class='ocrx_word' id='word_1_433' title='bbox 429 4775 573 4845; x_wconf 80' lang='lat' dir='ltr'>Achillis</span> <span class='ocrx_word' id='word_1_434' title='bbox 591 4786 717 4875; x_wconf 81' lang='lat' dir='ltr'>tantum</span> <span class='ocrx_word' id='word_1_435' title='bbox 738 4788 793 4851; x_wconf 86' lang='lat' dir='ltr'>vel</span> <span class='ocrx_word' id='word_1_436' title='bbox 817 4788 1003 4867; x_wconf 88' lang='lat' dir='ltr'>Diomedis,</span> <span class='ocrx_word' id='word_1_437' title='bbox 1027 4786 1087 4851; x_wconf 87' lang='lat' dir='ltr'>sed</span> <span class='ocrx_word' id='word_1_438' title='bbox 1108 4786 1243 4871; x_wconf 88' lang='lat' dir='ltr'>Ulyssis</span> <span class='ocrx_word' id='word_1_439' title='bbox 1265 4786 1376 4860; x_wconf 84' lang='lat' dir='ltr'>etiam,</span> <span class='ocrx_word' id='word_1_440' title='bbox 1401 4782 1508 4865; x_wconf 83' lang='lat' dir='ltr'>qualis</span> <span class='ocrx_word' id='word_1_441' title='bbox 1528 4782 1565 4845; x_wconf 89' lang='lat' dir='ltr'>iu</span> <span class='ocrx_word' id='word_1_442' title='bbox 1590 4780 1697 4847; x_wconf 87' lang='lat' dir='ltr'>Iliaco</span> 
     </span>
    </p>
   </div>
   <div class='ocr_carea' id='block_1_5' title="bbox 603 5005 1524 5147">
    <p class='ocr_par' dir='ltr' id='par_1_6' title="bbox 603 5005 1524 5147">
     <span class='ocr_line' id='line_1_52' title="bbox 760 5005 1366 5078; baseline 0.017 -23"><span class='ocrx_word' id='word_1_443' title='bbox 760 5009 770 5037; x_wconf 85' lang='lat'><em>¹</em></span> <span class='ocrx_word' id='word_1_444' title='bbox 790 5005 860 5059; x_wconf 87' lang='lat' dir='ltr'>Vide</span> <span class='ocrx_word' id='word_1_445' title='bbox 871 5006 963 5062; x_wconf 80' lang='lat' dir='ltr'>Sebol.</span> <span class='ocrx_word' id='word_1_446' title='bbox 975 5008 1042 5062; x_wconf 87' lang='lat' dir='ltr'>min.</span> <span class='ocrx_word' id='word_1_447' title='bbox 1054 5016 1087 5063; x_wconf 84' lang='lat' dir='ltr'>et</span> <span class='ocrx_word' id='word_1_448' title='bbox 1096 5008 1226 5063; x_wconf 83' lang='lat' dir='ltr'>Euststh.</span> <span class='ocrx_word' id='word_1_449' title='bbox 1244 5024 1272 5078; x_wconf 90' lang='lat' dir='ltr'>p.</span> <span class='ocrx_word' id='word_1_450' title='bbox 1288 5013 1366 5065; x_wconf 71' lang='lat'><strong>1948·</strong></span> 
     </span>
     <span class='ocr_line' id='line_1_53' title="bbox 603 5068 1524 5147; baseline 0.013 -24"><span class='ocrx_word' id='word_1_451' title='bbox 603 5068 745 5133; x_wconf 48' lang='lat' dir='ltr'>,²v1den.</span> <span class='ocrx_word' id='word_1_452' title='bbox 759 5072 963 5143; x_wconf 78' lang='lat' dir='ltr'>120,&amp;e.etu.</span> <span class='ocrx_word' id='word_1_453' title='bbox 977 5074 1099 5145; x_wconf 60' lang='lat' dir='ltr'>sondro.</span> <span class='ocrx_word' id='word_1_454' title='bbox 1326 5072 1524 5147; x_wconf 78' lang='lat' dir='ltr'>³1.465‚&amp;c.</span> 
     </span>
    </p>
   </div>
   <div class='ocr_carea' id='block_1_6' title="bbox 0 0 1918 5975">
    <p class='ocr_par' dir='ltr' id='par_1_7' title="bbox 0 0 1918 5975">
     <span class='ocr_line' id='line_1_54' title="bbox 0 0 1918 5975; baseline 0 2"><span class='ocrx_word' id='word_1_455' title='bbox 0 0 1918 5975; x_wconf 95' lang='lat' dir='ltr'> </span> 
     </span>
    </p>
   </div>
  </div>
 </body>
</html>
