3825 5975
502 419 513 438 ³
582 525 587 533 p
649 442 699 517 In
715 441 915 520 Homerum
1083 433 1086 436 ’
1337 395 1421 534 Ι37Ι

153 614 316 698 perpolita
328 621 400 697 est3
422 622 524 700 atque
535 616 720 700 cambone
742 618 872 682 unctior
885 615 1040 700 quadam
1054 613 1323 700 splendidiorque
1338 637 1418 682 con·

154 699 290 764 mundo
314 700 484 784 loquendi,
497 704 611 768 'etiam
636 703 671 766 in
697 701 890 786 quotidiano
918 719 1067 766 sannone
1089 709 1122 766 et
1144 701 1186 765 de
1214 704 1417 768 tenuissimis

151 785 260 861 rebus,
289 787 450 852 invaluit:
477 789 640 872 usquein
660 788 720 854 illa
748 788 960 870 simplicitate
983 807 1121 866 morum,
1148 806 1250 871 quum
1277 789 1417 852 maximi
1486 817 1496 833 ·

154 888 240 951 reges
255 877 433 949 aratum,
453 888 646 950 messorum,
671 878 853 955 pastorum,
878 878 976 955 atque
990 875 1089 937 eliam
1104 891 1285 955 coquorum
1297 873 1418 937 officiis

154 953 368 1036 tingantur,
382 957 547 1041 ejusmodi
559 956 670 1021 officia
695 955 806 1022 Musae
829 956 1016 1039 dedignata
1042 963 1135 1021 sunt:
1159 963 1194 1021 at
1218 958 1418 1022 humillimas

35 1062 36 1085 ¹
155 1057 202 1102 res
222 1043 529 1106 nativaverborum
552 1044 724 1124 gravitate,
748 1041 921 1106 modomm
935 1043 1052 1124 gratia,
1075 1049 1106 1106 et
1118 1061 1321 1107 numerorum
1342 1063 1418 1108 sua·

155 1123 264 1202 utute,
280 1127 317 1200 in
328 1127 470 1192 heroica
482 1129 665 1212 majestatis
677 1127 847 1210 fastigium
859 1129 1073 1191 extollebant.

196 1210 463 1296 narransque
489 1213 685 1296 mquentiee
712 1213 884 1296 popularis
912 1231 954 1276 ac
978 1213 1120 1276 forensis
1147 1211 1290 1276 minores
1314 1211 1419 1277 fuisse

35 1302 36 1309 ’
154 1292 270 1358 hodes
283 1300 341 1359 ant
353 1297 496 1378 praemio
502 1297 634 1375 uiliora,
657 1317 759 1380 quam
772 1297 903 1361 bellicae
916 1297 1118 1362 tortitudinis
1132 1299 1166 1360 in
1180 1297 1323 1362 heroicis
1338 1309 1419 1362 tem·

34 1416 35 1463 ,
156 1379 289 1460 poeibus
302 1381 516 1460 videnturne
529 1383 752 1464 compluribus
765 1384 852 1445 enim
875 1383 1044 1464 utriusque
1059 1383 1213 1446 carminis
1238 1382 1322 1446 locis
1336 1384 1420 1447 satie

156 1461 265 1545 liquet,
273 1466 401 1530 nudum
413 1467 537 1532 ioedius
551 1467 765 1550 opprobrium
778 1468 812 1530 iu
824 1467 1008 1550 principem
1022 1468 1128 1532 virum
1142 1469 1245 1547 ingeri
1258 1467 1419 1550 potuisse,

158 1566 252 1630 qum
266 1549 462 1636 ἂκςπόμυθον,
477 1549 600 1636 corpus&
613 1552 785 1639 loquentem
798 1571 890 1616 esse:
905 1572 1008 1635 quum
1022 1555 1108 1615 enim
1122 1567 1222 1634 regna
1236 1559 1269 1615 et
1282 1553 1420 1636 imperia

158 1634 300 1734 moribus
313 1636 491 1720 plusquam
504 1638 644 1720 legibus,
663 1644 696 1702 et
709 1638 920 1720 opinionibus
932 1639 1109 1720 plusquam
1121 1637 1260 1713 viribon,
1284 1642 1419 1714 starem,

34 1754 35 1781 r
159 1725 451 1803 musqmsquerex
465 1724 518 1786 vel
541 1725 698 1807 princeps
720 1723 865 1786 civitatis
889 1728 1014 1786 tantum
1038 1724 1120 1785 inter
1143 1723 1234 1785 cives
1257 1727 1421 1806 potestate

162 1804 373 1884 prevalebat,
393 1809 552 1890 quaritm
565 1809 666 1872 armis
688 1809 724 1871 in
738 1807 825 1871 bello
837 1806 894 1870 vel
915 1806 1049 1890 eloquio
1069 1808 1105 1869 in
1129 1825 1212 1888 pace
1227 1809 1421 1890 praeminere

160 1888 247 1952 usus
259 1897 369 1969 esset3
392 1899 592 1975 quapropter
611 1912 737 1970 omues,
759 1893 816 1975 qui
830 1911 872 1955 eo
885 1892 963 1955 loco
978 1893 1046 1957 uati
1060 1898 1188 1970 assent3
1209 1899 1248 1954 ut
1260 1893 1323 1955 sibi
1337 1911 1420 1955 rem·

159 1973 326 2053 publicam
337 1978 576 2059 capessendam
598 1977 844 2061 quodammodo
857 1983 1034 2059 sperarent,
1059 1983 1161 2039 artem
1176 1977 1307 2039 dicendi
1331 1976 1420 2040 haud

158 2057 264 2122 minus
277 2079 376 2141 quam
388 2063 556 2144 pugumdi
569 2063 689 2127 callere
703 2063 894 2144 oportebat3
909 2061 1156 2144 principemque
1167 2062 1281 2124 'virum
1291 2060 1422 2125 liberal·

159 2143 411 2210 iterunsuutum
424 2153 502 2211 ante
514 2148 628 2211 emnia
640 2149 780 2212 decebat
1441 2149 1444 2158 '

413 2254 504 2338 ptiar
517 2283 548 2321 τε
561 2259 652 2344 prsrh'p’
667 2255 771 2340 ἔμεναι,
794 2253 939 2342 πρηκτῆρά
953 2281 985 2318 τε
1001 2253 1098 2354 ippum

161 2363 267 2446 Siquis
282 2372 394 2431 autem
407 2369 572 2452 exquisite
588 2373 736 2432 ornatum
755 2389 792 2432 se
805 2367 939 2431 reddere
954 2366 1111 2442 studeret,
1135 2365 1304 2430 Homerici
1317 2366 1422 2435 instar

161 2446 306 2528 debullis,
319 2451 493 2518 medicinae
508 2456 692 2530 scientiam,
707 2460 866 2536 quatenus
877 2452 966 2532 bello
980 2452 1074 2516 utilis
1087 2453 1121 2514 in
1135 2451 1323 2515 vulneribus
1336 2457 1422 2516 bac-

164 2535 288 2615 tandis3
323 2543 357 2602 et
378 2539 516 2603 musicae
540 2541 595 2603 uel
618 2539 732 2622 poesis
755 2537 956 2613 facultatem,
981 2557 1048 2619 qua
1069 2538 1237 2619 propriam
1258 2537 1422 2615 virtutem,

163 2619 293 2705 aliorum
309 2621 408 2686 sortia
423 2621 513 2687 lacta
527 2624 687 2700 canendo,
699 2622 901 2700 accenderet,
914 2619 1033 2684 addere
1048 2622 1234 2703 oportebat.
1278 2619 1333 2682 Ex
1347 2621 1428 2704 ipsa

162 2705 682 2874 aa...

164 2842 271 2955 auehe
287 2842 424 2942 excrrlta
436 2885 469 2941 et
482 2816 599 2943 oraha
612 2885 673 2944 est.
693 2812 751 2874 gra
882 2811 967 2873 agan
1085 2929 1087 2938 .
1414 2925 1416 2934 .

204 2978 338 3027 cxxvi.
363 2961 517 3029 Carmina
540 2962 630 3029 baud
648 2963 759 3047 pauca
780 2968 856 3029 ante
870 2959 1012 3025 Iliadem
1035 2979 1094 3042 per
1111 2957 1304 3025 Graecorum
1326 2959 1424 3025 urbes

164 3044 334 3113 decantata
346 3046 460 3126 fuisse,
482 3050 543 3113 uix
562 3048 776 3113 dubitandum
789 3054 850 3124 est,
868 3045 1029 3129 ⁴quamvis
1052 3045 1131 3109 nibil
1157 3045 1323 3126 antiquius
1337 3064 1425 3109 nunc

165 3137 259 3209 extet,
273 3153 382 3215 neque
396 3134 431 3201 iu
443 3140 590 3200 veterum
602 3133 810 3197 bibliothecis
825 3132 977 3195 extitisse
990 3129 1159 3210 videatur;
1181 3147 1258 3193 nam
1272 3149 1348 3211 qum
1363 3131 1425 3195 sub

163 3218 378 3366 antiquiorum
406 3226 578 3301 poetarum
591 3218 789 3318 ‘nominibus
818 3215 1134 3313 circumferebautru,
1163 3214 1239 3297 ipsa
1267 3215 1425 3314 sermonis

164 3302 284 3366 mdoes
298 3324 339 3368 ac
352 3305 457 3369 forma
478 3310 660 3387 posteriora
682 3306 780 3367 aetate
802 3321 876 3365 esse
898 3299 1020 3383 prodit.
1063 3296 1150 3362 Ante
1170 3298 1426 3382 Sbakspeauuru

164 3385 238 3450 item
258 3395 417 3467 nostrum,
439 3389 528 3453 baud
552 3390 651 3473 pauci
674 3387 908 3468 tragoediarum
930 3388 965 3447 et
988 3382 1224 3447 comoediarum
1249 3385 1427 3465 scriptores

162 3469 309 3551 nerunt,
329 3475 387 3557 qui
415 3474 534 3556 plausu
561 3474 613 3537 sui
641 3473 781 3555 quisque
806 3469 925 3534 theatri
951 3469 1100 3531 vicissim
1127 3467 1335 3549 gaudebant3
1365 3468 1428 3530 etsi
1552 3516 1556 3525 .

165 3574 273 3621 ornnes
285 3558 341 3622 ille
356 3558 407 3621 vir
421 3558 547 3641 hilgore
560 3558 683 3638 ingenii
697 3558 749 3619 sui
762 3556 812 3619 ita
825 3554 1027 3639 perstrinxit,
1050 3557 1086 3614 ut
1098 3553 1158 3615 vix
1170 3552 1217 3615 rai
1233 3551 1427 3634 antiquariae

164 3642 315 3707 studiosis
336 3663 422 3707 nunc
435 3646 504 3708 noti
517 3643 606 3723 sint;
626 3662 732 3723 neque
756 3642 798 3703 iis
812 3642 913 3703 etiam
937 3637 1047 3701 adbuc
1061 3637 1267 3713 innotuerint,
1292 3635 1357 3699 nisi
1373 3654 1428 3699 ars

164 3723 381 3810 imprimendi,
393 3728 597 3813 exemplaria
618 3726 705 3791 ultra
728 3724 873 3801 modum,
898 3724 1160 3805 multiplicasset.
1206 3720 1263 3785 Sic
1290 3720 1428 3798 Iliacus,

165 3812 269 3889 credo,
281 3819 385 3896 poeta
398 3832 512 3878 omnes
527 3814 585 3896 qui
598 3812 770 3895 praeissent
783 3809 880 3889 longe
894 3827 1136 3891 supergressus,
1150 3824 1263 3869 eorum
1276 3806 1429 3869 scintillis

164 3897 365 3979 splendorem
390 3917 487 3963 sunm
512 3900 560 3962 ita
588 3897 716 3971 offudit,
739 3901 776 3958 ut
798 3913 933 3977 prorsus
955 3893 1145 3969 extinxerit,
1168 3895 1200 3954 et
1225 3908 1431 3973 quaecunque

165 3984 371 4060 cecinissent,
415 3982 641 4049 obliviscenda
675 3980 788 4043 fecerit
822 3985 998 4062 antequam
1035 3978 1150 4043 litteris
1186 3974 1429 4039 mandarentur.

163 4062 262 4131 Tituli
276 4067 470 4146 hexametri,
495 4086 579 4151 quos
600 4064 791 4129 Herodotus
816 4084 861 4128 ex
884 4062 1099 4131 anathematis
1123 4060 1238 4142 templi
1261 4060 1431 4143 Apollinis

163 4144 285 4217 Thebis
298 4154 489 4237 exscripsit.
512 4152 547 4217 ni
568 4152 670 4237 justis
694 4149 938 4233 suspicionibus
953 4147 1094 4216 obnoxii
1106 4147 1219 4223 forent,
1246 4144 1431 4229 specimina

33 4283 34 4288 .
164 4239 346 4303 carminum
357 4256 425 4304 non
449 4244 576 4303 tantum
590 4234 948 4309 ante-Homericomm,
975 4232 1034 4295 sed
1049 4231 1344 4307 ante-Troicorum,
1371 4229 1431 4305 ob-

117 4348 121 4356 ·
162 4321 327 4387 tullissent:
351 4322 616 4407 quandoquidem
641 4317 871 4402 decimiquarti
884 4323 917 4383 et
941 4316 1150 4385 decimitertii
1174 4322 1251 4382 ante
1265 4314 1433 4381 Christum

33 4467 34 4476 ,
161 4400 274 4473 natum
285 4410 391 4474 seculi
405 4408 700 4562 emefflebuisoent3
723 4404 828 4488 ne‘que
843 4402 884 4468 de
899 4403 964 4467 fide
980 4400 1147 4467 Herodoti
1168 4403 1200 4465 iu
1213 4396 1431 4467 exscribendo

33 4509 34 4520 ¹
162 4510 237 4575 quae
261 4494 413 4573 vidisset,
435 4514 476 4567 ve
511 4492 673 4577 narrando
697 4510 773 4574 qum
796 4488 954 4566 audisset,
982 4486 1197 4551 dubitandum
1212 4491 1279 4548 est:
1302 4484 1343 4546 de
1358 4480 1431 4565 ejus

160 4580 272 4641 autern
281 4576 412 4661 judicio
426 4582 458 4641 et
472 4567 622 4651 acumine
636 4578 671 4640 in
682 4574 854 4652 fraudibus
869 4571 1090 4649 sacerdotum,
1109 4570 1296 4635 sanctitatis
1310 4568 1433 4633 lamam

161 4678 181 4723 e
208 4662 317 4745 gloria
343 4663 546 4745 antiquitatis
575 4661 789 4744 captantium,
818 4657 1012 4739 detegendis
1035 4657 1110 4739 jure
1140 4653 1304 4735 suspicari
1320 4652 1431 4732 ,licet3

160 4750 347 4829 praesertim
366 4748 475 4831 'quum
503 4767 574 4811 vox
601 4742 791 4829 μουναρχέων,
812 4748 852 4806 ut
877 4742 961 4805 nihil
986 4740 1097 4803 dicam
1118 4740 1160 4802 de
1183 4756 1267 4802 sono
1284 4738 1369 4820 ipso
1393 4756 1433 4801 ac
1510 4740 1514 4747 '

159 4838 275 4897 tenore
287 4851 453 4909 versuum,
476 4839 589 4896 notam
602 4830 811 4894 manifestum
825 4825 957 4889 serioris
972 4824 1037 4889 aevi
1051 4842 1121 4906 prae
1137 4843 1174 4887 se
1187 4823 1294 4889 ferat.¹
1339 4820 1434 4887 Alio-

160 4918 244 5000 quin
255 4918 334 5003 ipsa
347 4916 556 4983 anathemata
579 4916 670 4981 illius
685 4914 750 4977 aevi
766 4924 847 4974 'esse
860 4909 1044 4992 potuerint;
1066 4910 1130 4973 etsi
1145 4908 1280 4974 deorum
1300 4906 1433 5003 templa,

166 5062 1419 5103 ffl-m—

645 5162 654 5191 ¹
674 5158 805 5217 llerodot.
817 5174 842 5211 v.
854 5113 987 5214 δᾴδια·
1071 5196 1074 5203 .
