3825 5975
419 371 470 448 26
522 353 525 356 ’
861 463 864 474 Ι
919 370 1183 470 relegerem

420 541 624 625 prestantia,
644 541 721 625 plus
742 541 823 607 olim
839 540 875 606 iu
893 539 1122 607 multitudines
1142 537 1289 604 valuisse
1312 555 1413 624 quam
1553 583 1564 618 ,
1584 553 1686 626 quum

421 625 567 692 omnium
580 645 674 691 arma
684 647 730 692 ex
742 626 861 692 iisdem
873 626 1029 704 materiis,
1053 632 1152 709 mque
1173 622 1249 688 ideo
1261 624 1329 688 iere
1342 643 1417 708 aequ
1454 626 1485 688 'a
1497 629 1630 710 esseut:
1650 632 1687 692 at

421 727 541 776 wnsus
563 717 673 776 tamen
695 711 864 778 bominum
889 713 1071 777 oommrmis
1094 709 1192 795 plane
1216 709 1323 786 docet,
1351 725 1458 774 rerum
1482 716 1515 776 ct
1536 711 1687 775 locorum

422 796 710 878 opportunitatem,
736 803 770 862 et
794 797 915 862 mentis
938 815 1073 861 acumen
1096 801 1129 860 et
1149 796 1324 860 consilium
1345 795 1381 858 in
1402 813 1444 858 ea
1466 791 1632 877 captanda
1654 801 1689 862 et

421 879 556 957 utenda
580 882 657 963 plus
682 901 810 966 semper
833 890 867 948 et
887 883 1011 964 ubique
1025 884 1059 946 in
1072 879 1155 946 duce
1178 881 1326 946 valuisse
1351 880 1394 945 ad
1416 879 1506 944 bella
1529 897 1687 964 prospere

422 965 575 1045 gerenda,
598 985 698 1048 quam
723 970 870 1053 corporis
893 969 994 1032 robur
1010 975 1045 1032 et
1058 967 1259 1050 agilitatem
1280 971 1379 1050 atque
1392 965 1470 1029 ideo
1483 971 1626 1050 poetam,
1651 969 1689 1030 ut

422 1065 586 1114 smmum
600 1049 717 1116 ducem
736 1053 784 1116 ad
795 1053 978 1121 auditorum
992 1058 1125 1135 captam
1143 1057 1179 1116 et
1198 1052 1361 1132 ingenium
1378 1049 1643 1119 accommodaret
1656 1053 1689 1116 et

424 1141 565 1212 ornaret,
586 1155 642 1214 ea,
667 1157 742 1221 quae
756 1138 879 1203 edilia
899 1137 1108 1222 pertinerent,
1129 1136 1173 1201 ad
1194 1137 1268 1200 haec
1289 1136 1505 1200 transtulisse.
1550 1132 1592 1199 ln
1613 1134 1689 1199 aliis

424 1237 559 1302 quoqne
570 1221 687 1286 eadem
701 1228 751 1287 est
762 1225 834 1308 ejus
847 1226 933 1289 ratio
946 1222 1089 1304 tingendi
1102 1223 1138 1286 in
1152 1213 1307 1286 ornandis
1320 1228 1353 1286 et
1368 1221 1689 1304 augendisomnibus
1826 1320 1828 1326 Ι
1896 1259 1897 1262 =

423 1318 500 1386 quae
514 1300 683 1371 audientes
694 1309 743 1372 ita
755 1310 919 1373 nescirent
930 1314 969 1372 nt
981 1308 1087 1372 ornari
1102 1313 1136 1371 et
1148 1307 1259 1389 angeri
1273 1307 1423 1370 sinerent.

468 1404 526 1452 nv,
547 1389 619 1454 Vix
642 1392 855 1457 dubitandum
889 1398 941 1457 est
963 1392 1044 1476 quin
1072 1391 1207 1456 numina
1227 1387 1380 1469 Troadis,
1403 1403 1478 1474 qnae
1500 1387 1690 1453 nominibus

422 1470 590 1538 hodiernis
606 1475 744 1540 Mender
765 1484 798 1542 et
819 1477 951 1542 Sbimar
974 1477 1009 1540 in
1029 1481 1141 1541 nostm
1163 1477 1290 1554 charta,
1314 1477 1421 1540 aviro
1434 1476 1634 1558 peritissimo
1654 1477 1689 1538 et

424 1559 628 1624 amicissimo
659 1561 837 1626 Gnllielmo
868 1562 950 1628 Geli
967 1561 1115 1640 redacta,
1141 1560 1287 1625 indicata
1315 1565 1403 1637 srmt,
1425 1558 1628 1624 Scamander
1654 1561 1689 1622 et

423 1640 546 1706 Simois
561 1647 626 1711 sint
647 1667 670 1710 a
683 1647 852 1712 Demetrio
865 1647 1015 1731 Scepsio,
1037 1645 1210 1724 Strabone,
1233 1652 1266 1710 et
1286 1646 1361 1710 aliis
1375 1644 1610 1710 recentioribus
1630 1641 1690 1706 de·

423 1728 561 1812 scripti:
590 1733 727 1796 etmihi
754 1739 863 1796 tamen
889 1751 950 1816 pro
980 1738 1147 1815 comperto
1170 1737 1233 1808 est,
1250 1729 1388 1795 Mentior
1412 1728 1498 1794 istud
1520 1730 1690 1794 ffimoenta

423 1807 651 1892 Homericum,
681 1824 716 1882 et
739 1817 869 1894 flumen,
897 1816 988 1902 quod
1019 1835 1038 1879 e
1064 1815 1210 1880 fontibus
1239 1813 1302 1879 sub
1330 1814 1582 1880 Boumabascbi
1610 1813 1690 1878 vlce

421 1898 582 1977 uescitur,
605 1902 843 1967 Scamandrum
859 1903 1075 1966 Homericum
1089 1919 1181 1979 esse3
1204 1905 1304 1984 atque
1317 1899 1393 1964 ideo
1417 1904 1561 1963 montem
1582 1899 1691 1973 illmn,

421 1982 662 2150 imisit
672 1981 1693 2153 effamammtmteebmtttte

421 2167 498 2232 quac
519 2171 540 2214 c
562 2151 715 2236 Cowperi
743 2157 923 2219 falsissima
949 2119 1099 2216 v’ersione
1125 2169 1297 2235 perperam
1325 2151 1457 2236 accepit
1483 2171 1604 2232 geogra
1621 2115 1692 2215 ’luna

422 2234 626 2300 clarissimus
650 2237 801 2314 Bennell,
827 2238 877 2301 illi
890 2237 1016 2301 flumini
1041 2237 1175 2299 minime
1194 2235 1404 2312 convestiunt,
1426 2235 1503 2298 huic
1522 2237 1555 2298 ni
1614 2251 1690 2320 me:

421 2337 499 2382 narn
511 2321 622 2384 locum
634 2324 778 2399 unicum,
802 2342 870 2406 quo
884 2319 1085 2386 Scamander
1098 2339 1142 2384 ex
1157 2319 1222 2384 Ida
1240 2319 1378 2384 fluxisse
1392 2319 1523 2396 dicitur,
1537 2319 1692 2383 adulteri-

421 2421 500 2468 utun
522 2411 556 2468 et
578 2407 748 2470 insititiam
773 2427 848 2472 esse
871 2425 986 2471 omues
1008 2425 1092 2469 nunc
1120 2405 1313 2486 agnoscunt,
1336 2407 1380 2468 ob
1405 2423 1526 2467 causas
1549 2420 1634 2486 quas
1654 2404 1705 2467 in'

422 2490 552 2557 notulis
563 2495 725 2554 recensuri
749 2494 886 2557 sumus.¹
929 2491 971 2554 In
989 2491 1064 2554 loco
1079 2497 1187 2554 autem
1206 2508 1228 2552 a
1251 2490 1343 2553 nullo
1361 2505 1507 2572 unquam
1521 2493 1693 2574 suspecto,
1763 2519 1767 2526 ·

423 2592 491 2656 quo
505 2575 670 2640 Somoesii
694 2582 798 2640 mater
810 2577 845 2640 in
858 2576 941 2659 ripis
956 2575 1133 2638 Simoentis
1147 2593 1221 2638 emn
1235 2575 1407 2658 peperisse
1420 2573 1571 2650 traditur,
1587 2589 1689 2655 quum

327 2707 331 2712 .
421 2670 466 2722 ex
495 2658 570 2736 Ida,
599 2661 634 2724 in
662 2681 762 2743 quam
784 2681 860 2725 cmn
878 2662 1070 2742 parentibus
1094 2677 1208 2742 greges
1234 2660 1449 2742 pascentibus
1473 2657 1692 2735 ascendisset,

386 2770 390 2777 ·
422 2743 552 2822 rediret,
577 2745 702 2809 Simois
721 2745 818 2828 plane
843 2745 1024 2810 ostenditur
1042 2764 1086 2808 ex
1108 2763 1150 2808 eo
1168 2749 1277 2808 monte
1291 2741 1454 2810 finxisse?
1496 2738 1691 2807 Scamandri

421 2823 601 2894 exundatio
626 2830 673 2893 ed·
683 2828 845 2894 Achillem
861 2829 1144 2912 submergendum,
1166 2847 1233 2894 uon
1249 2847 1293 2892 ex
1312 2829 1417 2892 imbre
1431 2829 1539 2892 subito
1553 2827 1608 2892 vel
1621 2827 1690 2892 alia

422 2913 567 2996 quadam
576 2933 680 2978 causa
691 2917 842 2992 naturali,
858 2916 917 2978 sed
929 2916 1071 2999 portenti
1084 2915 1187 2978 instar
1199 2912 1398 2998 prodigioso·
1408 2911 1474 2976 Dei
1487 2931 1586 2997 opere
1604 2909 1690 2977 ultra

267 2977 275 2994 ¹
386 3022 390 3032 ¹
421 2999 1207 3079 modnmcrevissedicitur3⁸attiumentamen,
1229 2999 1601 3076 itaauctum,uln1use
1649 3015 1691 3081 rp

422 3100 445 3147 a
456 3084 520 3147 viri
531 3085 684 3147 manibus
697 3084 853 3160 radicitus
867 3084 993 3162 evulsa,
1008 3090 1041 3146 et
1053 3086 1088 3148 in
1102 3084 1232 3146 alveum
1242 3084 1453 3147 transversim
1466 3083 1692 3167 praecipitate,

356 3215 367 3233 Ι
421 3170 528 3234 lotum
541 3168 684 3231 obstruit
696 3174 730 3231 et
742 3168 906 3251 impedit*
918 3170 1009 3315 guod
1023 3168 1119 3231 alveo
1132 3168 1248 3249 viginti
1261 3166 1381 3249 pedum
1394 3167 1476 3245 lato,
1487 3184 1554 3230 non
1565 3172 1693 3231 irecen-

422 3254 530 3315 torum
550 3251 701 3314 accidere
722 3254 874 3334 potuerit.
945 3251 1120 3317 camonder
1133 3251 1269 3315 invocat
1284 3249 1452 3315 Simoenta
1470 3252 1505 3313 iu
1529 3250 1692 3317 auxilium

422 3334 583 3399 adversus
590 3333 765 3413 Achillem,
778 3341 922 3414 utsaxa,
931 3338 1086 3401 arborum
1095 3341 1240 3413 bancos,
1255 3340 1289 3399 et
1302 3335 1401 3399 aliam
1415 3335 1602 3413 colluviem,
1611 3353 1691 3419 quae

423 3418 504 3497 sibi,
528 3440 549 3483 e
562 3420 702 3504 planitie
716 3427 790 3486 orto
802 3426 836 3486 et
849 3440 949 3485 cursu
962 3422 1027 3487 leni
1041 3426 1073 3485 et
1092 3423 1202 3504 quieto
1216 3419 1341 3498 fluenti,
1364 3419 1535 3498 defuisset,
1558 3420 1601 3484 ad
1614 3424 1692 3485 eum

421 3504 677 3586 opprimendum
690 3513 813 3571 etcum
826 3506 926 3571 armis
945 3505 1172 3588 obtegendum,
1194 3504 1406 3570 convolveret
1414 3504 1436 3570 τ’
1460 3510 1494 3569 et
1512 3505 1574 3569 viri
1588 3510 1694 3569 certa·

367 3590 376 3599 ‘
422 3606 500 3651 men
512 3609 589 3652 cum
608 3594 706 3672 aquis
718 3592 980 3673 restagnantibus
992 3610 1067 3657 esse
1087 3608 1128 3654 eo
1150 3589 1332 3655 certissime
1352 3596 1492 3669 constat,
1515 3588 1605 3673 quod
1626 3598 1693 3653 nou

422 3672 489 3738 buc
497 3674 553 3737 vel
562 3673 640 3737 illuc
648 3675 831 3758 impellunt,
840 3675 899 3740 sed
908 3676 1025 3759 clypeo
1035 3662 1345 3759 {luscumqueverso
1359 3674 1500 3754 obstant,
1509 3682 1543 3739 et
1557 3691 1691 3741 arenam
1827 3682 1837 3689 '

422 3758 486 3821 sub
499 3756 639 3839 pedibus
660 3758 892 3837 dissolventes,
912 3760 1095 3844 impediunt
1112 3778 1198 3837 etim,
1217 3764 1249 3822 et
1265 3759 1438 3841 paullatim
1455 3752 1692 3842 submergmrt?

423 3840 524 3927 11ηαὶ
537 3849 677 3923 mopsi,
687 3840 796 3926 scater
814 3843 925 3922 amnis,
938 3845 988 3909 ita
1010 3844 1198 3927 generaliter
1208 3842 1375 3908 munciati
1394 3850 1431 3909 ut
1444 3846 1477 3909 in
1496 3844 1539 3909 rt.
1557 3858 1597 3909 x.
1611 3842 1690 3909 147.

276 3968 282 3973 ι
422 3944 488 3990 uon
509 3927 655 3991 aliiessc
667 3934 816 4010 possunt,
830 3930 927 3993 salve
938 3930 1139 4013 proprietate
1152 3928 1285 4011 linguar,
1308 3946 1408 4013 quam
1420 3929 1529 3995 fontes
1542 3928 1692 4013 primarii

293 4040 297 4044 ·
423 4010 469 4074 ab
490 4012 578 4076 ostio
599 4013 829 4094 remotissimi3
856 4018 890 4078 et
905 4016 1058 4097 quemvis
1081 4014 1191 4097 plures
1212 4030 1299 4077 nunc
1315 4014 1383 4079 sint
1406 4015 1632 4101 scaturigines,
1658 4018 1694 4079 et

422 4110 537 4168 omnes
563 4097 661 4160 urrins
685 4102 719 4161 et
741 4099 887 4183 ejusdem
913 4103 1149 4183 temperaturae,
1173 4098 1254 4163 nibil
1281 4098 1391 4164 obstat
1409 4118 1476 4182 quo
1494 4100 1603 4163 minus
1625 4098 1694 4163 duo

154 4141 158 4151 ¹
280 4226 287 4237 .
344 4190 354 4205 ·
421 4183 559 4257 tentmn,
586 4181 689 4246 altera
707 4184 830 4249 callida
848 4186 949 4250 altera
967 4183 1100 4267 frigida,
1120 4183 1308 4248 Homericis
1327 4184 1531 4267 temporibus
1548 4180 1691 4263 inslint3

422 4280 525 4347 qutun
537 4266 573 4328 iu
587 4267 630 4329 iis
642 4269 842 4349 regionibus,
865 4287 941 4353 quae
959 4269 1110 4335 violentis
1135 4274 1167 4333 et
1187 4268 1237 4333 ire
1323 4270 1410 4334 tibus
1433 4274 1527 4333 terres
1545 4266 1693 4333 motibus

422 4350 580 4419 obnomae
608 4358 696 4429 sunt,
720 4358 953 4438 scaturiginum
977 4360 1075 4438 atque
1099 4355 1204 4418 etiam
1262 4356 1407 4418 nmmum
1446 4370 1562 4417 cursus
1599 4366 1694 4437 saepe

420 4440 586 4500 mutentur
610 4442 646 4503 et
668 4438 916 4504 coutimdantur.
961 4438 1002 4505 In
1017 4444 1133 4505 aestate
1146 4444 1257 4503 temen
1271 4438 1378 4503 adino
1393 4439 1603 4523 copiosiores
1616 4442 1693 4504 sunt

420 4515 538 4584 horum
550 4521 689 4588 fontium
702 4543 798 4609 aquae
811 4544 980 4609 quameoe,
995 4543 1070 4608 quae
1084 4524 1201 4588 latiore
1215 4524 1311 4589 alveo
1326 4528 1360 4589 et
1370 4522 1518 4609 longiore
1533 4538 1633 4589 cursu
1646 4536 1692 4586 ex

331 4669 333 4672 .
421 4598 488 4669 Ida
506 4604 671 4689 defluunt3
693 4616 802 4695 atque,
820 4611 869 4675 ob
883 4630 957 4675 eam
971 4610 1054 4674 torte
1069 4626 1217 4686 causam,
1240 4608 1379 4692 gradum
1401 4610 1692 4699 eminentioremet

421 4686 660 4756 honoratiorem
672 4696 707 4759 in
721 4697 938 4763 aestumatiouc
949 4694 1132 4759 incolarum
1146 4696 1445 4779 antiquissimorum
1459 4694 1661 4761 obtinebant.

459 4770 560 4836 Situs
575 4774 630 4840 hic
650 4778 685 4840 iu
696 4788 817 4861 monte,
842 4801 910 4869 quo
926 4800 1017 4846 nuuc
1038 4785 1093 4847 est
1107 4780 1203 4845 vimus
1222 4780 1483 4858 Boumaboscbi,
1501 4796 1569 4843 uon
1589 4774 1691 4843 modo

458 4970 516 5026 ¹11.
527 4986 559 5021 n.
571 4978 668 5029 s—eo.
944 4978 1116 5035 missae
1401 4971 1622 5030 ’limante

454 5037 514 5093 ⁴11·
528 5046 677 5099 ossa-⁵.
946 5047 1155 5109 sinere-ss.
1403 5041 1612 5102 ‘tineos-tr.
