3825 5975
657 318 706 416 Iu
723 337 926 416 Homerum.
1020 405 1024 422 .
1264 411 1269 421 ,
1343 323 1346 330 ’
1378 349 1427 418 33

164 512 450 586 Iliadis‘dncentis
475 519 550 580 ante
578 511 780 586 Hesiodum,
795 511 955 578 cecinisse
983 510 1152 596 putarem.¹
1196 511 1254 577 Sic
1283 512 1428 582 Iliacum

163 623 301 680 carmen,
314 600 501 666 maximum
514 599 596 664 illud
608 605 641 662 et
653 598 905 681 prdcberrimum
918 598 1068 663 humanae
1082 600 1200 663 mentis
1214 618 1309 684 opus,
1322 603 1353 664 ei
1361 602 1426 685 ipsi
1438 611 1443 620 ’

164 689 272 755 seculo
295 686 479 761 tribuerim,
502 704 568 767 quo
592 683 702 761 lones,
722 679 954 765 Peloponneso
976 683 1117 766 expulsi,
1139 683 1176 746 iu
1197 682 1314 748 Asiam
1337 705 1426 752 com·

163 775 356 853 migrabant,
378 769 469 854 quod
489 768 660 852 aptissime
676 768 1002 845 conventrensem,
1022 773 1092 836 tum
1114 769 1272 834 schemati
1295 771 1426 836 univer·
1456 835 1464 850 ,

40 850 41 861 ’
164 860 221 924 sali
240 856 420 942 poematis,
443 865 512 919 tum
534 854 577 917 iis
594 853 763 937 episodiis,
786 873 925 936 quomm
946 852 1080 922 difficile
1103 858 1154 918 est
1173 854 1332 919 rationem
1353 856 1427 922 red·

165 945 312 1011 derenisi
327 962 346 1004 e
362 940 497 1005 casibus
511 943 544 1002 et
555 939 654 1003 rebus
668 940 768 1025 gestis
780 939 908 1011 illorum
920 943 1115 1020 temporum.
1308 987 1310 995 ι

204 1045 302 1092 nxrr.
325 1026 441 1089 Poetae
464 1024 629 1087 enimvero
643 1029 678 1087 et
693 1024 805 1101 sociis,
827 1025 856 1087 si
870 1024 1014 1107 propriis
1036 1024 1123 1107 pulsi
1145 1021 1279 1088 sedibus
1302 1027 1429 1092 alienas

40 1142 41 1145 ¹
166 1119 321 1199 appetere
335 1111 445 1175 coacti
458 1114 577 1185 essent,
590 1127 697 1190 neque
711 1110 829 1190 gratior
842 1127 949 1191 neque
973 1110 1079 1191 aptior
1093 1108 1272 1174 carminum
1294 1114 1430 1176 materia

165 1199 301 1263 inveniri
315 1200 451 1281 poterat,
476 1213 575 1277 quam
587 1194 676 1256 bella
698 1194 733 1256 in
746 1194 862 1258 iisdem
885 1194 979 1260 terris
993 1194 1073 1258 olim
1082 1205 1109 1258 'a
1120 1195 1301 1278 majoribus
1324 1204 1428 1278 gesta,

166 1273 266 1348 tanta
278 1282 392 1364 gloria,
414 1284 447 1342 et
462 1284 530 1343 tam
551 1298 720 1366 prospero
742 1283 914 1358 successu3
935 1298 1042 1362 neque
1065 1279 1133 1344 ulla
1154 1275 1320 1346 efficacior
1341 1285 1431 1348 ratio

169 1367 324 1433 suadendi
340 1364 552 1430 concordiam
562 1365 644 1427 inter
659 1383 749 1442 suos,
772 1383 873 1446 quam
888 1364 1001 1428 clades
1014 1372 1049 1431 et
1063 1363 1270 1430 calamitates
1288 1386 1429 1430 comme·

168 1471 456 1602 midias?
468 1449 1143 1617 lusistislusistis?
1167 1469 1341 1516 ΝΜ
1354 1453 1429 1517 ”¹⁰⁸

454 1584 465 1614 ,
1079 1582 1086 1598 .
1297 1585 1298 1590 ,
1408 1585 1416 1592 .

40 1676 41 1691 ,
208 1621 320 1687 nx111‘.
335 1619 478 1684 Urbimn
493 1619 716 1701 Peloponnesi
729 1621 856 1696 eversio
871 1619 1011 1683 obscure
1026 1619 1244 1703 ambigueque
1258 1622 1430 1701 indicatru,

76 1771 80 1778 ,
170 1712 204 1771 ut
214 1727 314 1771 casus
328 1705 436 1769 adbuc
451 1724 584 1787 anceps,
601 1710 636 1768 at
649 1703 785 1781 deorum
798 1706 942 1768 consiliis
957 1711 1055 1774 antea
1069 1705 1221 1786 agitatus,
1243 1712 1341 1790 atque
1355 1708 1431 1774 ideo

171 1790 438 1876 expectandum?
455 1791 505 1853 sic
528 1794 565 1852 ut
587 1789 686 1853 simul
704 1793 841 1872 cuperet
864 1808 904 1853 ac
930 1791 1058 1862 timeret
1079 1794 1180 1870 poeta
1202 1787 1329 1874 aliquid
1352 1795 1433 1857 certi
1521 1790 1527 1796 ’

171 1878 311 1958 prolerre
331 1875 586 1952 interhomines‚
610 1873 668 1957 qui
680 1894 699 1937 e
712 1875 890 1956 longinquo
910 1875 1035 1956 patrias
1058 1875 1133 1936 illas
1157 1876 1253 1938 sedes
1271 1879 1314 1942 ab
1329 1878 1432 1942 hosti·
1517 1913 1520 1920 ·

171 1962 230 2025 bus
243 1965 425 2044 occupatas
438 1959 747 2042 contemplarentur,
758 1979 819 2023 nec
834 1957 923 2022 certe
935 1960 1058 2024 scirent
1066 1960 1160 2022 sicas
1170 1968 1431 2039 conservassent,

172 2047 408 2110 andiruissent.
592 2055 628 2114 ·,
1080 2085 1083 2090 -
1412 2097 1415 2102 r

213 2148 315 2197 nxrv.
338 2129 518 2212 catalogus
532 2121 768 2215 geographicus
778 2130 879 2195 totius
894 2129 1048 2209 erecte,
1063 2133 1277 2199 euominibus
1290 2132 1434 2216 propriis

170 2217 346 2299 regionum,
360 2207 516 2292 'urbium,
545 2217 705 2294 vicorum,
727 2217 904 2293 montium,
933 2222 966 2280 et
993 2218 1136 2290 amnium
1165 2217 1335 2295 conflabis,
1372 2219 1433 2281 vix

175 2300 305 2366 eliorum
322 2301 491 2376 hominum
508 2303 659 2376 sensibus
681 2321 723 2365 ea
746 2306 844 2374 aetate
867 2302 975 2383 aptari
994 2307 1135 2383 poterat,
1159 2321 1257 2383 quam
1281 2302 1434 2381 exrrlum3

174 2386 228 2468 qni
255 2389 297 2452 iis
320 2386 406 2472 ipsis
429 2386 464 2449 in
484 2384 569 2450 locis
591 2384 767 2470 pueritiam
789 2386 961 2468 degerant:
983 2406 1060 2450 nam
1082 2406 1174 2450 mera
1195 2389 1260 2450 ista
1282 2407 1323 2452 ac
1345 2387 1436 2452 nuda

174 2472 306 2535 edentia
329 2490 546 2552 rerumquae
569 2469 797 2550 indidactica
821 2472 1033 2536 recentiorum
1060 2471 1155 2554 poesi
1183 2475 1291 2554 tantas
1320 2471 1436 2537 laudes

175 2558 294 2633 meruit,
330 2555 439 2620 nullas
461 2555 633 2619 illecebras
660 2557 781 2620 habere
806 2561 959 2639 potuerat
988 2555 1077 2638 apud
1104 2555 1251 2620 homines
1277 2557 1375 2621 rudes
1403 2563 1437 2621 et

177 2649 314 2722 agrestes
328 2661 338 2720 ;
360 2641 475 2722 quales
487 2645 579 2706 erant
591 2642 689 2704 etiam
709 2641 877 2724 principes
890 2641 1059 2705 civitatum
1073 2646 1106 2705 ct
1119 2641 1220 2704 duces
1233 2644 1438 2708 exercituum

176 2722 363 2790 Homericis
384 2725 598 2807 temporibus.
628 2724 742 2790 'Tales
763 2725 917 2800 homines
935 2725 1029 2788 nulla
1051 2726 1177 2790 rabone
1201 2745 1237 2790 se
1252 2725 1364 2792 doceri
1378 2745 1437 2810 pa·

175 2809 287 2875 tiunbn
308 2811 376 2873 nisi
399 2810 578 2888 affectibus
597 2810 700 2876 animi
726 2810 932 2874 vehementer
956 2811 1147 2890 commotis;
1170 2829 1238 2892 qua
1259 2814 1366 2876 evenit
1387 2819 1436 2889 ut,

176 2895 260 2976 apud
274 2913 389 2958 omnes
403 2901 523 2976 gentes,
545 2896 644 2978 primi
668 2895 841 2977 sapientiae
862 2895 1010 2974 magistri
1033 2895 1153 2960 luerint
1167 2900 1292 2976 poetaer
1317 2899 1437 2960 omnis·
1554 2967 1556 2976 Ι

249 2980 410 3058 doctrina,
432 2980 486 3045 vel
509 2979 550 3044 de
563 2979 737 3064 prudentia
750 2979 843 3055 vitae,
866 2978 919 3042 vel
935 2983 1054 3043 natura
1067 2982 1184 3055 rerum,
1208 2980 1261 3044 vel
1275 2985 1439 3062 potestate

136 3118 150 3131 .
235 3086 319 3144 mm,
340 3068 403 3129 sub
416 3066 599 3130 fabularum
613 3064 876 3149 prodigiosarum
889 3063 1070 3127 involucris
1085 3070 1271 3146 propagata
1284 3066 1338 3131 sit.
1383 3065 1439 3131 Ne

177 3167 316 3214 summus
341 3150 474 3233 quidem
498 3155 632 3215 ornatus
653 3148 945 3233 pulcherrimorum
966 3167 1119 3218 versuum
1141 3151 1190 3213 ita
1212 3150 1439 3217 commendere

177 3236 336 3315 potuisset
363 3255 455 3299 mere
480 3237 615 3303 nomina
641 3241 675 3299 et
701 3233 858 3317 apposita
885 3232 1080 3311 Graecarum
1106 3234 1247 3311 urbium,
1275 3235 1438 3313 vicorum,

178 3322 331 3383 montium
344 3324 377 3383 et
390 3321 543 3396 amnium,
564 3318 693 3384 Graecis
707 3318 852 3391 Graeciae
867 3318 997 3395 incolis,
1023 3323 1059 3381 ut
1072 3318 1210 3381 libenter
1224 3318 1371 3386 audirent
1385 3322 1440 3385 vel
1497 3334 1503 3346 “

177 3405 333 3485 optimum
345 3410 479 3488 poetam
493 3410 526 3469 et
541 3404 605 3477 θεοῖς
619 3400 778 3489 ἐναλίγκιον
794 3405 887 3480 αὐδὴν,
911 3403 969 3483 qui
983 3404 1064 3467 talia
1076 3404 1274 3467 cantitasset.
1320 3403 1441 3487 Neque

178 3488 301 3552 colonis
314 3489 501 3572 longinquis
515 3495 549 3553 et
562 3490 760 3566 inveteratis
782 3489 839 3574 qui
852 3489 889 3551 iu
901 3506 990 3551 nova
1003 3487 1111 3570 patria
1123 3486 1204 3562 nati,
1219 3486 1342 3555 nullam
1355 3490 1440 3553 auti·
1522 3531 1525 3539 ·

178 3591 252 3653 quae
278 3574 332 3638 vel
359 3576 551 3638 memoriam
577 3574 633 3638 vel
659 3575 809 3638 notitiam
837 3572 1041 3649 habuissent,
1076 3570 1240 3653 ejusmodi
1269 3572 1440 3655 catalogum

177 3662 298 3721 noum
311 3658 367 3722 vel
381 3658 651 3732 affectum‘ullum
665 3660 846 3726 animorum
855 3657 1046 3721 excitasset.
1090 3654 1309 3721 Exrrlantibus
1318 3662 1438 3738 autem,

176 3746 209 3804 et
221 3743 255 3805 vi
268 3743 386 3825 pulsis,
408 3745 467 3825 qui
480 3762 591 3807 amore
605 3742 751 3826 quodam
765 3743 916 3825 indigena
928 3741 1075 3805 locomm
1089 3747 1318 3807 consuetorum
1333 3742 1440 3808 adhuc

178 3829 365 3904 tenerentur,
386 3829 510 3893 nullam
531 3828 701 3897 materiam
725 3830 883 3911 aptiorem
903 3825 946 3889 ad
971 3826 1152 3909 captandos
1175 3826 1326 3904 animost
1343 3834 1441 3909 atque
1511 3857 1514 3871 =

88 3970 92 3975 .
176 3909 306 3974 intimos
320 3931 434 3975 eorum
448 3931 564 3977 sensus
578 3919 612 3976 et
626 3912 764 3989 affectus
779 3911 1045 3989 commovendos,
1067 3916 1165 3994 poeta
1186 3916 1313 3976 naunae
1326 3912 1441 3976 obser·-

177 3998 387 4060 vantissimus
413 3997 548 4079 seligere
571 4001 710 4079 poterat.
755 3996 1000 4077 Omnenomen
1014 4002 1047 4060 et
1060 3997 1259 4080 appesitum,
1282 4016 1441 4079 unaquae-

177 4081 515 4161 qneveltenuissima
535 4088 624 4159 nota,
646 4082 742 4165 quasi
756 4083 790 4145 in
807 4081 920 4145 tabula
931 4081 1057 4158 votiva,
1083 4082 1246 4144 mentibus
1259 4082 1443 4149 ostenderet

176 4169 336 4230 anteactae
352 4165 514 4248 cujusque
526 4168 605 4231 vitae
619 4165 924 4247 cursum-gaudia,
942 4185 1117 4243 aerumuas,
1130 4165 1441 4249 ludos-puerorum

174 4265 311 4328 errores,
328 4252 487 4345 juvenum
508 4251 705 4334 voluptates,
727 4252 870 4343 virorum
893 4268 1008 4331 curas3
1031 4270 1107 4333 quae
1130 4253 1251 4341 omnia,
1274 4253 1441 4316 memoriae

212 4546 223 4574 ¹
242 4544 277 4598 ln
288 4545 427 4600 Chronico
445 4545 581 4601 Hesiodus
592 4548 712 4602 Homero
731 4546 804 4617 prior
821 4552 879 4614 est:
898 4554 928 4600 at
943 4544 1043 4601 Catoni
1057 4546 1166 4614 *majori
1185 4543 1255 4615 apud
1276 4544 1399 4602 Ciceron.
1410 4544 1443 4601 de

176 4622 330 4681 senectute,
347 4616 483 4669 Homerus
500 4615 596 4678 multis
607 4627 671 4671 ante
684 4614 873 4670 seculisfuisse
891 4614 1035 4669 visusesr:
1054 4614 1120 4667 item
1133 4612 1297 4667 doctioribus
1307 4615 1445 4681 omnibus,

174 4680 268 4735 aedo.
304 4684 476 4751 Poemation,
505 4696 609 4752 tamen,
632 4684 704 4760 quod
728 4686 839 4738 unicum
863 4684 976 4737 Hesiodi
999 4700 1072 4736 nunc
1097 4692 1193 4749 exstat,
1213 4682 1251 4737 ita
1272 4685 1444 4757 inquinatum

175 4749 409 4821 etinterpolatum
426 4763 478 4821 est,
495 4766 526 4808 ut
537 4755 596 4825 ejus
606 4753 762 4810 testimonio
775 4755 807 4806 de
834 4763 901 4805 oetae
919 4762 998 4807 atate
1014 4768 1069 4805 non
1085 4762 1186 4807 temere
1195 4753 1236 4807 uti
1253 4752 1340 4808 liceat.
1376 4755 1446 4820 Vox,

175 4817 372 4887 nibilominus,
390 4824 546 4889 ὰκμκηφαῒος,
564 4841 647 4897 quem
659 4822 805 4877 Homerica
814 4770 943 4874 irosodia
954 4837 1063 4890 prorsus
1083 4833 1225 4891 recusaret,
1242 4824 1271 4877 in
1291 4840 1370 4880 versu
1389 4840 1445 4877 non

175 4901 316 5015 eonpago,
343 4891 470 4947 seriorem
495 4892 692 4967 pronunciandi
715 4889 939 4948 consuetudinem
961 4888 1041 4961 plane
1064 4890 1191 4947 declarat.
1237 4892 1307 4949 Vide
1326 4892 1398 4948 iutra
1421 4892 1447 4949 S.
1500 4946 1501 4949 ,

174 4974 252 5025 cerr,
295 4978 320 5013 c.

211 5028 229 5059 ²
245 5026 476 5088 massera-c.

270 5120 372 5189 Hom.
1337 5126 1367 5193 E
